2624 4074
402 321 458 374 ΑΒ
465 319 647 376 UNDINES
664 322 773 377 OAMJ.

247 622 290 684 Ου
286 622 363 728 γάρ
383 649 419 702 με
438 623 543 701 λήθεις,
563 624 641 686 σ’λλᾶ
660 625 807 730 γιγνώσκω
827 632 935 705 σαφῶς,

246 706 344 783 καίπερ
365 706 516 776 σκοτεινὰς,
536 706 589 784 τήν
608 733 642 789 γε
661 733 717 786 σην
737 707 860 786 αὐδήν
843 735 924 787 ομως

164 837 309 895 Tmffoau
328 838 478 913 praeterito
499 857 567 896 cum
587 844 627 912 te,
649 859 714 898 mea
735 842 805 915 vita,
828 843 965 918 petebam

204 935 348 1013 (lonjugio
368 956 484 994 mecum
499 937 625 1014 jungere
645 956 737 996 caecus
757 958 826 1015 eg03

163 1033 300 1106 Ridebas,
323 1033 364 1090 sic
384 1033 465 1091 fama
485 1033 565 1107 tulit,
587 1033 783 1111 pulcherrima
802 1055 910 1111 rerum,

203 1131 291 1190 Flore
309 1130 398 1208 prior,
420 1151 511 1189 verna
531 1132 583 1208 qui
603 1139 753 1192 recreatur
772 1153 856 1210 aqua

162 1227 226 1287 Iste
245 1229 333 1286 decor
352 1226 455 1286 vultus
476 1227 550 1301 aliis,
574 1249 608 1286 ea
627 1230 722 1287 forma
741 1230 882 1305 placebat,

203 1325 275 1384 Heu
295 1325 387 1383 oculis
407 1345 561 1402 nunquam
581 1307 675 1384 forma
694 1326 822 1386 videnda
841 1329 933 1386 meis!

165 1423 223 1481 Sed
243 1422 318 1482 bene
339 1443 496 1501 cognoram
516 1443 627 1496 vocem,
648 1430 702 1481 tua
722 1424 828 1483 mellea
848 1426 937 1484 verba
943 1446 952 1500 3

203 1522 242 1579 Id
260 1521 320 1581 fuit
339 1541 357 1581 e
376 1522 454 1580 votis
474 1522 610 1580 omnibus
630 1542 716 1580 omne
736 1523 818 1582 mihi

163 1729 282 1790 Interea
302 1731 417 1789 volucri
436 1730 510 1808 pede
530 1730 749 1808 praeterlabitur
769 1737 839 1790 aetas
849 1752 858 1806 3

202 1829 345 1887 Damnosi
365 1829 437 1905 quid
457 1848 518 1886 non
537 1829 713 1887 imminuere
734 1829 815 1887 diesl

161 1925 290 2002 Jamque
309 1927 509 1999 susurrabant,
530 1926 629 2004 nigros
649 1927 793 1986 albescere
813 1929 916 2001 ermes,

202 2021 299 2100 Inque
318 2023 401 2099 genis
421 2023 523 2081 molles
544 2023 699 2100 deperiisse
719 2045 805 2084 rosas

163 2120 279 2179 Inscius
299 2120 420 2179 audivi:
445 2141 499 2179 nec
519 2128 590 2180 sunt
610 2122 684 2179 mihi
704 2123 776 2181 talia
796 2143 872 2182 curae
882 2145 892 2197 3

203 2218 356 2297 Effugiant
375 2238 504 2293 veneres,
526 2240 586 2278 non
607 2241 660 2298 ego
680 2221 765 2279 testis
785 2241 854 2280 ero:

162 2316 270 2376 Mulsit
289 2318 387 2376 adhuc
406 2337 473 2378 mea
493 2338 541 2377 me
560 2320 641 2378 vocis
661 2321 816 2379 dulcedine
835 2322 964 2398 conjux3

203 2413 243 2474 Id
261 2415 320 2475 filit
339 2435 357 2475 e
376 2415 454 2474 votis
474 2416 611 2474 omnibus
631 2436 717 2476 omne
736 2417 818 2476 mihi

162 2621 219 2696 Sic,
240 2642 307 2681 mea
325 2622 387 2695 lux,
410 2641 470 2680 una
490 2622 545 2681 sub
565 2623 636 2681 caelc
656 2625 818 2682 errabimus
838 2624 924 2697 almo,

202 2719 316 2778 Vivida
336 2720 408 2779 dum
428 2719 522 2778 calido
542 2720 683 2798 sangiune
703 2741 779 2779 vena
798 2722 867 2780 salit
877 2743 886 2795 3

162 2816 203 2876 ut
222 2817 280 2875 nisi
299 2817 397 2876 felices
417 2817 534 2894 quando
554 2818 774 2876 numerabimus
793 2818 887 2891 horas,

202 2914 394 2973 Immemores
414 2914 522 2972 erimus
542 2933 596 2972 nos
616 2915 704 2972 simul
725 2935 786 2974 esse
806 2935 896 2974 senes.

162 3011 250 3084 Quod
269 3012 296 3070 si
315 3011 493 3071 immutetur
511 3031 611 3070 roseus
632 3013 711 3070 color
731 3013 781 3071 ille
800 3033 949 3091 genarum,

201 3109 296 3168 Frons
315 3110 386 3169 licet
406 3111 494 3168 uxori
514 3111 554 3169 sit
573 3110 671 3169 minus
691 3112 758 3169 alba
777 3132 870 3186 meae3

163 3206 235 3267 Vox
255 3214 309 3267 tus
327 3208 454 3266 facunda
473 3228 521 3266 me
541 3208 619 3287 cepit
638 3209 767 3287 imagine
787 3210 925 3288 primum,

201 3304 275 3365 Vox
294 3311 349 3366 tua
367 3305 419 3367 dat
438 3305 594 3385 liquidum,
616 3306 696 3386 quod
716 3306 798 3366 dedit
817 3312 895 3380 ante,
917 3307 1014 3366 melos.

872 3431 902 3472 Η.
918 3431 941 3471 J.
957 3431 988 3471 Η.

738 3664 1009 3672 *Μ
1023 3663 1101 3674 ..qn-
