<?xml version="1.0" encoding="UTF-8"?>
<!DOCTYPE html PUBLIC "-//W3C//DTD XHTML 1.0 Transitional//EN"
    "http://www.w3.org/TR/xhtml1/DTD/xhtml1-transitional.dtd">
<html xmlns="http://www.w3.org/1999/xhtml" xml:lang="en" lang="en">
 <head>
  <title>
</title>
<meta http-equiv="Content-Type" content="text/html;charset=utf-8" />
  <meta name='ocr-system' content='tesseract 3.04.00' />
  <meta name='ocr-capabilities' content='ocr_page ocr_carea ocr_par ocr_line ocrx_word'/>
</head>
<body>
  <div class='ocr_page' id='page_1' title='image "arundinescamisi00unkngoog_0058.png"; bbox 0 0 2624 4074; ppageno 0'>
   <div class='ocr_carea' id='block_1_1' title="bbox 430 321 1087 384">
    <p class='ocr_par' dir='ltr' id='par_1_1' title="bbox 430 321 1087 384">
     <span class='ocr_line' id='line_1_1' title="bbox 430 321 1087 384; baseline 0.008 -6"><span class='ocrx_word' id='word_1_1' title='bbox 430 321 677 382; x_wconf 79' lang='lat' dir='ltr'><em>ARUNDINES</em></span> <span class='ocrx_word' id='word_1_2' title='bbox 695 324 803 382; x_wconf 81' lang='lat' dir='ltr'><em>CAMI.</em></span> <span class='ocrx_word' id='word_1_3' title='bbox 1052 333 1087 384; x_wconf 83' lang='lat'>43</span> 
     </span>
    </p>
   </div>
   <div class='ocr_carea' id='block_1_2' title="bbox 381 697 838 780">
    <p class='ocr_par' dir='ltr' id='par_1_2' title="bbox 381 697 838 780">
     <span class='ocr_line' id='line_1_2' title="bbox 381 697 838 780; baseline 0.004 -18"><span class='ocrx_word' id='word_1_4' title='bbox 381 699 486 780; x_wconf 62' lang='lat' dir='ltr'>(litata</span> <span class='ocrx_word' id='word_1_5' title='bbox 505 699 535 763; x_wconf 77' lang='lat' dir='ltr'>a</span> <span class='ocrx_word' id='word_1_6' title='bbox 554 697 675 779; x_wconf 70' lang='lat' dir='ltr'>patum</span> <span class='ocrx_word' id='word_1_7' title='bbox 695 699 838 768; x_wconf 68' lang='lat' dir='ltr'>trattati.</span> 
     </span>
    </p>
   </div>
   <div class='ocr_carea' id='block_1_3' title="bbox 171 856 1057 1621">
    <p class='ocr_par' dir='ltr' id='par_1_3' title="bbox 172 856 971 1033">
     <span class='ocr_line' id='line_1_3' title="bbox 172 856 904 935; baseline 0.001 -19"><span class='ocrx_word' id='word_1_8' title='bbox 172 856 289 916; x_wconf 71' lang='lat' dir='ltr'>Tenere</span> <span class='ocrx_word' id='word_1_9' title='bbox 307 857 362 916; x_wconf 86' lang='lat' dir='ltr'>ubi</span> <span class='ocrx_word' id='word_1_10' title='bbox 381 857 477 935; x_wconf 82' lang='lat' dir='ltr'>surgit</span> <span class='ocrx_word' id='word_1_11' title='bbox 496 857 590 916; x_wconf 85' lang='lat' dir='ltr'>veteri</span> <span class='ocrx_word' id='word_1_12' title='bbox 610 857 776 916; x_wconf 79' lang='lat' dir='ltr'>circumlita</span> <span class='ocrx_word' id='word_1_13' title='bbox 796 877 904 930; x_wconf 81' lang='lat' dir='ltr'>musae,</span> 
     </span>
     <span class='ocr_line' id='line_1_4' title="bbox 214 953 971 1033; baseline 0 -20"><span class='ocrx_word' id='word_1_14' title='bbox 214 953 348 1013; x_wconf 76' lang='lat' dir='ltr'>Oonsona</span> <span class='ocrx_word' id='word_1_15' title='bbox 368 959 544 1021; x_wconf 78' lang='lat' dir='ltr'>moerentum</span> <span class='ocrx_word' id='word_1_16' title='bbox 563 953 730 1032; x_wconf 77' lang='lat' dir='ltr'>planetibus</span> <span class='ocrx_word' id='word_1_17' title='bbox 750 973 809 1012; x_wconf 87' lang='lat' dir='ltr'>aera</span> <span class='ocrx_word' id='word_1_18' title='bbox 829 960 952 1033; x_wconf 88' lang='lat' dir='ltr'>erepant</span> <span class='ocrx_word' id='word_1_19' title='bbox 962 975 971 1029; x_wconf 86' lang='lat'>3</span> 
     </span>
    </p>

    <p class='ocr_par' dir='ltr' id='par_1_4' title="bbox 172 1048 1057 1227">
     <span class='ocr_line' id='line_1_5' title="bbox 172 1048 1057 1130; baseline 0.003 -20"><span class='ocrx_word' id='word_1_20' title='bbox 172 1048 285 1129; x_wconf 78' lang='lat' dir='ltr'><strong>Sponsa</strong></span> <span class='ocrx_word' id='word_1_21' title='bbox 303 1050 393 1110; x_wconf 78' lang='lat' dir='ltr'>simul</span> <span class='ocrx_word' id='word_1_22' title='bbox 412 1057 564 1130; x_wconf 88' lang='lat' dir='ltr'>materque</span> <span class='ocrx_word' id='word_1_23' title='bbox 583 1058 714 1130; x_wconf 86' lang='lat' dir='ltr'>gemunt,</span> <span class='ocrx_word' id='word_1_24' title='bbox 735 1052 878 1130; x_wconf 87' lang='lat' dir='ltr'>puerique</span> <span class='ocrx_word' id='word_1_25' title='bbox 897 1071 1037 1130; x_wconf 76' lang='lat' dir='ltr'>senesque</span> <span class='ocrx_word' id='word_1_26' title='bbox 1047 1073 1057 1129; x_wconf 80' lang='lat'>3</span> 
     </span>
     <span class='ocr_line' id='line_1_6' title="bbox 213 1148 820 1227; baseline 0 -19"><span class='ocrx_word' id='word_1_27' title='bbox 213 1148 320 1208; x_wconf 81' lang='lat' dir='ltr'>Fracta</span> <span class='ocrx_word' id='word_1_28' title='bbox 340 1149 495 1227; x_wconf 78' lang='lat' dir='ltr'><strong>sepulcrali</strong></span> <span class='ocrx_word' id='word_1_29' title='bbox 515 1156 594 1207; x_wconf 82' lang='lat' dir='ltr'>terra</span> <span class='ocrx_word' id='word_1_30' title='bbox 613 1149 711 1227; x_wconf 77' lang='lat' dir='ltr'>ligone</span> <span class='ocrx_word' id='word_1_31' title='bbox 729 1156 820 1227; x_wconf 88' lang='lat' dir='ltr'>patet.</span> 
     </span>
    </p>

    <p class='ocr_par' dir='ltr' id='par_1_5' title="bbox 172 1245 930 1424">
     <span class='ocr_line' id='line_1_7' title="bbox 172 1245 930 1324; baseline -0.001 -17"><span class='ocrx_word' id='word_1_32' title='bbox 172 1245 321 1307; x_wconf 81' lang='lat' dir='ltr'>Funereoe</span> <span class='ocrx_word' id='word_1_33' title='bbox 340 1246 447 1305; x_wconf 85' lang='lat' dir='ltr'>induta</span> <span class='ocrx_word' id='word_1_34' title='bbox 466 1247 700 1324; x_wconf 82' lang='lat' dir='ltr'>einue-quanto</span> <span class='ocrx_word' id='word_1_35' title='bbox 720 1247 824 1324; x_wconf 85' lang='lat' dir='ltr'>aptior,</span> <span class='ocrx_word' id='word_1_36' title='bbox 847 1248 930 1322; x_wconf 75' lang='lat' dir='ltr'>eheu,</span> 
     </span>
     <span class='ocr_line' id='line_1_8' title="bbox 212 1345 881 1424; baseline 0 -20"><span class='ocrx_word' id='word_1_37' title='bbox 212 1345 345 1424; x_wconf 90' lang='lat' dir='ltr'>Impedit</span> <span class='ocrx_word' id='word_1_38' title='bbox 364 1345 497 1404; x_wconf 76' lang='lat' dir='ltr'>aureolae</span> <span class='ocrx_word' id='word_1_39' title='bbox 517 1345 606 1404; x_wconf 88' lang='lat' dir='ltr'>florea</span> <span class='ocrx_word' id='word_1_40' title='bbox 625 1345 703 1403; x_wconf 85' lang='lat' dir='ltr'>vitta</span> <span class='ocrx_word' id='word_1_41' title='bbox 723 1349 881 1404; x_wconf 74' lang='lat' dir='ltr'>eomas!—</span> 
     </span>
    </p>

    <p class='ocr_par' dir='ltr' id='par_1_6' title="bbox 171 1442 944 1621">
     <span class='ocr_line' id='line_1_9' title="bbox 171 1442 944 1521; baseline 0 -18"><span class='ocrx_word' id='word_1_42' title='bbox 171 1442 354 1521; x_wconf 88' lang='lat' dir='ltr'>Perpetuum</span> <span class='ocrx_word' id='word_1_43' title='bbox 374 1443 492 1514; x_wconf 85' lang='lat' dir='ltr'>dormit,</span> <span class='ocrx_word' id='word_1_44' title='bbox 513 1443 617 1502; x_wconf 80' lang='lat' dir='ltr'>matris</span> <span class='ocrx_word' id='word_1_45' title='bbox 637 1444 687 1521; x_wconf 88' lang='lat' dir='ltr'>pia</span> <span class='ocrx_word' id='word_1_46' title='bbox 707 1463 784 1517; x_wconf 73' lang='lat' dir='ltr'>aura</span> <span class='ocrx_word' id='word_1_47' title='bbox 807 1443 944 1518; x_wconf 84' lang='lat' dir='ltr'>Rosalba,</span> 
     </span>
     <span class='ocr_line' id='line_1_10' title="bbox 213 1540 826 1621; baseline 0 -21"><span class='ocrx_word' id='word_1_48' title='bbox 213 1541 344 1621; x_wconf 75' lang='lat' dir='ltr'>Quaeque</span> <span class='ocrx_word' id='word_1_49' title='bbox 364 1540 416 1600; x_wconf 84' lang='lat' dir='ltr'>diu</span> <span class='ocrx_word' id='word_1_50' title='bbox 436 1540 527 1618; x_wconf 89' lang='lat' dir='ltr'>patrii</span> <span class='ocrx_word' id='word_1_51' title='bbox 545 1541 638 1619; x_wconf 87' lang='lat' dir='ltr'>gloria</span> <span class='ocrx_word' id='word_1_52' title='bbox 656 1541 735 1599; x_wconf 80' lang='lat' dir='ltr'>ruris</span> <span class='ocrx_word' id='word_1_53' title='bbox 755 1547 826 1615; x_wconf 85' lang='lat' dir='ltr'>erat,</span> 
     </span>
    </p>
   </div>
   <div class='ocr_carea' id='block_1_4' title="bbox 171 1738 981 2504">
    <p class='ocr_par' dir='ltr' id='par_1_7' title="bbox 171 1738 981 2114">
     <span class='ocr_line' id='line_1_11' title="bbox 172 1738 913 1818; baseline 0.001 -20"><span class='ocrx_word' id='word_1_54' title='bbox 172 1738 355 1817; x_wconf 81' lang='lat' dir='ltr'>Perpetuam</span> <span class='ocrx_word' id='word_1_55' title='bbox 375 1739 503 1798; x_wconf 87' lang='lat' dir='ltr'>dormit:</span> <span class='ocrx_word' id='word_1_56' title='bbox 521 1739 585 1818; x_wconf 88' lang='lat' dir='ltr'>jam</span> <span class='ocrx_word' id='word_1_57' title='bbox 604 1759 665 1798; x_wconf 90' lang='lat' dir='ltr'>non</span> <span class='ocrx_word' id='word_1_58' title='bbox 685 1741 846 1818; x_wconf 82' lang='lat' dir='ltr'>aequalibus</span> <span class='ocrx_word' id='word_1_59' title='bbox 865 1742 913 1799; x_wconf 90' lang='lat' dir='ltr'>illi</span> 
     </span>
     <span class='ocr_line' id='line_1_12' title="bbox 212 1836 915 1916; baseline 0.006 -21"><span class='ocrx_word' id='word_1_60' title='bbox 212 1836 327 1896; x_wconf 83' lang='lat' dir='ltr'>Ludiva</span> <span class='ocrx_word' id='word_1_61' title='bbox 346 1842 399 1896; x_wconf 91' lang='lat' dir='ltr'>aut</span> <span class='ocrx_word' id='word_1_62' title='bbox 419 1838 519 1911; x_wconf 81' lang='lat' dir='ltr'>saltus,</span> <span class='ocrx_word' id='word_1_63' title='bbox 541 1838 594 1915; x_wconf 92' lang='lat' dir='ltr'>qui</span> <span class='ocrx_word' id='word_1_64' title='bbox 614 1839 757 1916; x_wconf 73' lang='lat' dir='ltr'>placuere,</span> <span class='ocrx_word' id='word_1_65' title='bbox 777 1840 915 1916; x_wconf 75' lang='lat' dir='ltr'>placent:</span> 
     </span>
     <span class='ocr_line' id='line_1_13' title="bbox 171 1932 981 2012; baseline 0.005 -18"><span class='ocrx_word' id='word_1_66' title='bbox 171 1932 306 1994; x_wconf 83' lang='lat' dir='ltr'>Adstant</span> <span class='ocrx_word' id='word_1_67' title='bbox 326 1935 490 2012; x_wconf 79' lang='lat' dir='ltr'>sandapila,</span> <span class='ocrx_word' id='word_1_68' title='bbox 513 1941 544 1994; x_wconf 89' lang='lat' dir='ltr'>et</span> <span class='ocrx_word' id='word_1_69' title='bbox 564 1936 667 1994; x_wconf 80' lang='lat' dir='ltr'>flentes</span> <span class='ocrx_word' id='word_1_70' title='bbox 688 1937 724 1996; x_wconf 90' lang='lat' dir='ltr'>de</span> <span class='ocrx_word' id='word_1_71' title='bbox 744 1956 825 1996; x_wconf 89' lang='lat' dir='ltr'>more</span> <span class='ocrx_word' id='word_1_72' title='bbox 845 1957 981 1998; x_wconf 82' lang='lat' dir='ltr'>coronam</span> 
     </span>
     <span class='ocr_line' id='line_1_14' title="bbox 212 2033 843 2114; baseline 0.005 -22"><span class='ocrx_word' id='word_1_73' title='bbox 212 2033 358 2112; x_wconf 80' lang='lat' dir='ltr'>Virginea</span> <span class='ocrx_word' id='word_1_74' title='bbox 377 2039 509 2107; x_wconf 74' lang='lat' dir='ltr'>nectunt,</span> <span class='ocrx_word' id='word_1_75' title='bbox 531 2035 638 2094; x_wconf 88' lang='lat' dir='ltr'>ultima</span> <span class='ocrx_word' id='word_1_76' title='bbox 658 2035 742 2110; x_wconf 88' lang='lat' dir='ltr'>dona,</span> <span class='ocrx_word' id='word_1_77' title='bbox 764 2056 843 2114; x_wconf 86' lang='lat' dir='ltr'>rogo.</span> 
     </span>
    </p>

    <p class='ocr_par' dir='ltr' id='par_1_8' title="bbox 172 2131 906 2504">
     <span class='ocr_line' id='line_1_15' title="bbox 172 2131 813 2210; baseline 0 -19"><span class='ocrx_word' id='word_1_78' title='bbox 172 2131 276 2210; x_wconf 82' lang='lat' dir='ltr'>Eequa</span> <span class='ocrx_word' id='word_1_79' title='bbox 293 2131 420 2209; x_wconf 84' lang='lat' dir='ltr'>puellari</span> <span class='ocrx_word' id='word_1_80' title='bbox 438 2131 471 2188; x_wconf 90' lang='lat' dir='ltr'>in</span> <span class='ocrx_word' id='word_1_81' title='bbox 491 2138 569 2190; x_wconf 82' lang='lat' dir='ltr'>eoetu</span> <span class='ocrx_word' id='word_1_82' title='bbox 589 2133 724 2191; x_wconf 74' lang='lat' dir='ltr'>dilectior</span> <span class='ocrx_word' id='word_1_83' title='bbox 743 2133 813 2207; x_wconf 86' lang='lat' dir='ltr'>ulla,</span> 
     </span>
     <span class='ocr_line' id='line_1_16' title="bbox 212 2230 906 2308; baseline 0.004 -19"><span class='ocrx_word' id='word_1_84' title='bbox 212 2230 281 2289; x_wconf 88' lang='lat' dir='ltr'>Aut</span> <span class='ocrx_word' id='word_1_85' title='bbox 300 2230 442 2289; x_wconf 75' lang='lat' dir='ltr'>comitum</span> <span class='ocrx_word' id='word_1_86' title='bbox 462 2231 591 2289; x_wconf 78' lang='lat' dir='ltr'>lacrimis</span> <span class='ocrx_word' id='word_1_87' title='bbox 611 2231 727 2308; x_wconf 86' lang='lat' dir='ltr'>dignior</span> <span class='ocrx_word' id='word_1_88' title='bbox 747 2232 809 2290; x_wconf 89' lang='lat' dir='ltr'>ulla</span> <span class='ocrx_word' id='word_1_89' title='bbox 828 2234 906 2292; x_wconf 83' lang='lat' dir='ltr'>fuitl</span> 
     </span>
     <span class='ocr_line' id='line_1_17' title="bbox 172 2327 868 2407; baseline 0.004 -21"><span class='ocrx_word' id='word_1_90' title='bbox 172 2327 275 2406; x_wconf 75' lang='lat' dir='ltr'>Ecqua</span> <span class='ocrx_word' id='word_1_91' title='bbox 294 2328 393 2386; x_wconf 90' lang='lat' dir='ltr'>anima</span> <span class='ocrx_word' id='word_1_92' title='bbox 412 2348 430 2386; x_wconf 90' lang='lat' dir='ltr'>e</span> <span class='ocrx_word' id='word_1_93' title='bbox 448 2330 536 2387; x_wconf 81' lang='lat' dir='ltr'>terrie</span> <span class='ocrx_word' id='word_1_94' title='bbox 555 2329 640 2386; x_wconf 86' lang='lat' dir='ltr'>fatali</span> <span class='ocrx_word' id='word_1_95' title='bbox 659 2335 745 2407; x_wconf 91' lang='lat' dir='ltr'>rapta</span> <span class='ocrx_word' id='word_1_96' title='bbox 765 2331 868 2390; x_wconf 88' lang='lat' dir='ltr'>volatu</span> 
     </span>
     <span class='ocr_line' id='line_1_18' title="bbox 212 2426 833 2504; baseline 0.002 -19"><span class='ocrx_word' id='word_1_97' title='bbox 212 2426 358 2504; x_wconf 82' lang='lat' dir='ltr'>Angeliao</span> <span class='ocrx_word' id='word_1_98' title='bbox 378 2427 498 2484; x_wconf 70' lang='lat' dir='ltr'>aeeeesit</span> <span class='ocrx_word' id='word_1_99' title='bbox 518 2426 621 2504; x_wconf 90' lang='lat' dir='ltr'>purior</span> <span class='ocrx_word' id='word_1_100' title='bbox 640 2427 703 2484; x_wconf 90' lang='lat' dir='ltr'>ulla</span> <span class='ocrx_word' id='word_1_101' title='bbox 722 2427 833 2486; x_wconf 85' lang='lat' dir='ltr'>ehorol</span> 
     </span>
    </p>
   </div>
   <div class='ocr_carea' id='block_1_5' title="bbox 170 2630 969 3396">
    <p class='ocr_par' dir='ltr' id='par_1_9' title="bbox 170 2630 969 3396">
     <span class='ocr_line' id='line_1_19' title="bbox 171 2630 910 2708; baseline -0.008 -15"><span class='ocrx_word' id='word_1_102' title='bbox 171 2631 298 2704; x_wconf 77' lang='lat' dir='ltr'>Scilicet,</span> <span class='ocrx_word' id='word_1_103' title='bbox 318 2630 462 2708; x_wconf 84' lang='lat' dir='ltr'>angelicos</span> <span class='ocrx_word' id='word_1_104' title='bbox 481 2630 609 2689; x_wconf 81' lang='lat' dir='ltr'>referens</span> <span class='ocrx_word' id='word_1_105' title='bbox 628 2631 760 2689; x_wconf 76' lang='lat' dir='ltr'>mortalis</span> <span class='ocrx_word' id='word_1_106' title='bbox 778 2630 910 2703; x_wconf 85' lang='lat' dir='ltr'>honores,</span> 
     </span>
     <span class='ocr_line' id='line_1_20' title="bbox 213 2728 843 2806; baseline -0.006 -16"><span class='ocrx_word' id='word_1_107' title='bbox 213 2728 364 2790; x_wconf 79' lang='lat' dir='ltr'>Silvestris</span> <span class='ocrx_word' id='word_1_108' title='bbox 383 2728 487 2806; x_wconf 81' lang='lat' dir='ltr'>tuguri</span> <span class='ocrx_word' id='word_1_109' title='bbox 507 2729 641 2787; x_wconf 74' lang='lat' dir='ltr'>constitit</span> <span class='ocrx_word' id='word_1_110' title='bbox 662 2734 732 2786; x_wconf 89' lang='lat' dir='ltr'>ante</span> <span class='ocrx_word' id='word_1_111' title='bbox 751 2729 843 2802; x_wconf 81' lang='lat' dir='ltr'>foree;</span> 
     </span>
     <span class='ocr_line' id='line_1_21' title="bbox 171 2827 969 2904; baseline -0.008 -14"><span class='ocrx_word' id='word_1_112' title='bbox 171 2829 329 2890; x_wconf 77' lang='lat' dir='ltr'>(lasariem</span> <span class='ocrx_word' id='word_1_113' title='bbox 348 2827 494 2886; x_wconf 87' lang='lat' dir='ltr'>ornabant</span> <span class='ocrx_word' id='word_1_114' title='bbox 513 2847 568 2904; x_wconf 90' lang='lat' dir='ltr'>pro</span> <span class='ocrx_word' id='word_1_115' title='bbox 587 2827 710 2904; x_wconf 81' lang='lat' dir='ltr'>gemmis</span> <span class='ocrx_word' id='word_1_116' title='bbox 730 2832 810 2885; x_wconf 84' lang='lat' dir='ltr'>serta</span> <span class='ocrx_word' id='word_1_117' title='bbox 829 2845 969 2901; x_wconf 81' lang='lat' dir='ltr'>rosarum,</span> 
     </span>
     <span class='ocr_line' id='line_1_22' title="bbox 212 2923 908 3002; baseline -0.004 -16"><span class='ocrx_word' id='word_1_118' title='bbox 212 2925 253 2985; x_wconf 79' lang='lat' dir='ltr'>Et</span> <span class='ocrx_word' id='word_1_119' title='bbox 273 2925 359 2985; x_wconf 81' lang='lat' dir='ltr'>violae</span> <span class='ocrx_word' id='word_1_120' title='bbox 378 2925 412 2982; x_wconf 90' lang='lat' dir='ltr'>in</span> <span class='ocrx_word' id='word_1_121' title='bbox 432 2923 501 2983; x_wconf 83' lang='lat' dir='ltr'>aelli</span> <span class='ocrx_word' id='word_1_122' title='bbox 520 2943 664 2982; x_wconf 86' lang='lat' dir='ltr'>marmore</span> <span class='ocrx_word' id='word_1_123' title='bbox 684 2943 804 3002; x_wconf 85' lang='lat' dir='ltr'>germen</span> <span class='ocrx_word' id='word_1_124' title='bbox 824 2929 888 2983; x_wconf 89' lang='lat' dir='ltr'>erat</span> <span class='ocrx_word' id='word_1_125' title='bbox 898 2946 908 2998; x_wconf 89' lang='lat'>;</span> 
     </span>
     <span class='ocr_line' id='line_1_23' title="bbox 172 3022 895 3101; baseline -0.004 -17"><span class='ocrx_word' id='word_1_126' title='bbox 172 3023 339 3084; x_wconf 81' lang='lat' dir='ltr'>Flabellum</span> <span class='ocrx_word' id='word_1_127' title='bbox 359 3022 490 3101; x_wconf 87' lang='lat' dir='ltr'>Zephyri</span> <span class='ocrx_word' id='word_1_128' title='bbox 509 3022 689 3100; x_wconf 70' lang='lat' dir='ltr'>praestabant</span> <span class='ocrx_word' id='word_1_129' title='bbox 709 3022 788 3081; x_wconf 83' lang='lat' dir='ltr'>alitis</span> <span class='ocrx_word' id='word_1_130' title='bbox 809 3042 895 3096; x_wconf 86' lang='lat' dir='ltr'>aurae,</span> 
     </span>
     <span class='ocr_line' id='line_1_24' title="bbox 213 3120 869 3200; baseline -0.005 -19"><span class='ocrx_word' id='word_1_131' title='bbox 213 3121 387 3200; x_wconf 82' lang='lat' dir='ltr'>Ornatuque</span> <span class='ocrx_word' id='word_1_132' title='bbox 406 3126 510 3199; x_wconf 88' lang='lat' dir='ltr'>aptum</span> <span class='ocrx_word' id='word_1_133' title='bbox 529 3140 616 3179; x_wconf 90' lang='lat' dir='ltr'>mane</span> <span class='ocrx_word' id='word_1_134' title='bbox 635 3121 732 3179; x_wconf 84' lang='lat' dir='ltr'>vireta</span> <span class='ocrx_word' id='word_1_135' title='bbox 751 3120 869 3194; x_wconf 81' lang='lat' dir='ltr'>loeum3</span> 
     </span>
     <span class='ocr_line' id='line_1_25' title="bbox 170 3219 874 3299; baseline -0.006 -17"><span class='ocrx_word' id='word_1_136' title='bbox 170 3221 232 3282; x_wconf 93' lang='lat' dir='ltr'>Pro</span> <span class='ocrx_word' id='word_1_137' title='bbox 251 3221 368 3299; x_wconf 80' lang='lat' dir='ltr'>speculo</span> <span class='ocrx_word' id='word_1_138' title='bbox 388 3220 477 3278; x_wconf 89' lang='lat' dir='ltr'>illimi</span> <span class='ocrx_word' id='word_1_139' title='bbox 496 3220 632 3279; x_wconf 84' lang='lat' dir='ltr'>currebat</span> <span class='ocrx_word' id='word_1_140' title='bbox 653 3219 767 3278; x_wconf 83' lang='lat' dir='ltr'>rivulus</span> <span class='ocrx_word' id='word_1_141' title='bbox 786 3220 874 3293; x_wconf 85' lang='lat' dir='ltr'>unda,</span> 
     </span>
     <span class='ocr_line' id='line_1_26' title="bbox 210 3317 845 3396; baseline -0.002 -17"><span class='ocrx_word' id='word_1_142' title='bbox 210 3317 271 3378; x_wconf 85' lang='lat' dir='ltr'>Pro</span> <span class='ocrx_word' id='word_1_143' title='bbox 289 3317 357 3378; x_wconf 72' lang='lat' dir='ltr'>tileo</span> <span class='ocrx_word' id='word_1_144' title='bbox 375 3318 494 3396; x_wconf 82' lang='lat' dir='ltr'>liquidae</span> <span class='ocrx_word' id='word_1_145' title='bbox 514 3324 602 3396; x_wconf 86' lang='lat' dir='ltr'>gutta</span> <span class='ocrx_word' id='word_1_146' title='bbox 621 3318 735 3396; x_wconf 81' lang='lat' dir='ltr'>rigabat</span> <span class='ocrx_word' id='word_1_147' title='bbox 754 3337 845 3395; x_wconf 82' lang='lat' dir='ltr'>aquae.</span> 
     </span>
    </p>
   </div>
   <div class='ocr_carea' id='block_1_6' title="bbox 0 0 1316 4074">
    <p class='ocr_par' dir='ltr' id='par_1_10' title="bbox 0 0 1316 4074">
     <span class='ocr_line' id='line_1_27' title="bbox 0 0 1316 4074; baseline 0 0"><span class='ocrx_word' id='word_1_148' title='bbox 0 0 1316 4074; x_wconf 95' lang='lat' dir='ltr'> </span> 
     </span>
    </p>
   </div>
  </div>
 </body>
</html>
