2624 4074
405 322 651 379 ARUNDINES
672 322 782 378 OAMJ.
1045 329 1079 382 69

209 620 306 678 Nocte
326 621 380 678 sub
400 620 520 693 inceraa,
542 620 643 697 procul
663 621 724 677 ima
742 620 775 677 in
795 620 873 678 valle
893 621 1007 679 sedenti

208 719 360 777 Panthera
379 719 537 796 impulerat
557 720 653 777 surdis
673 719 836 796 mugitibus
856 739 964 778 aurem.
1061 773 1064 786 ,

208 818 280 876 Non
299 816 349 890 ibi,
372 836 433 874 non
452 817 570 890 iterum,
592 836 658 874 mea
678 836 731 894 per
750 817 852 894 pineta
872 836 993 893 vapores

209 913 326 972 Radere
345 913 403 971 iter
423 914 559 991 rapidum
579 915 676 990 prima
696 915 751 972 sub
771 915 836 972 luce
856 914 980 973 videbo:

210 1011 276 1070 Nec
295 1012 438 1069 tremulas
458 1012 538 1070 inter
558 1012 658 1070 stellas
678 1012 838 1088 laticesque
859 1031 978 1070 sonores

209 1110 363 1187 Argen‘eea
381 1116 486 1168 tenues
505 1110 603 1186 tinget
622 1110 684 1167 face
705 1109 835 1186 Cynthia
855 1111 954 1167 nubes.

252 1492 458 1566 “Extremam
500 1493 645 1568 genetrix,
691 1512 769 1551 mors
812 1493 940 1565 advenit,
985 1493 1084 1571 accipe

330 1610 439 1648 vocem.

211 1688 270 1746 Illa
289 1688 364 1745 mihi
382 1688 415 1745 in
436 1688 533 1745 dumis
554 1687 682 1745 Infanda
702 1688 852 1746 arentibus
873 1688 951 1761 olim,

210 1786 370 1863 Fragmina
390 1785 439 1843 vel
459 1785 611 1862 scopulum
631 1786 693 1842 sive
712 1786 792 1843 in'cer
812 1785 901 1843 ovilia
921 1786 1034 1843 dudum

210 1885 343 1957 Deseris,
366 1889 506 1957 occurrat,
530 1903 595 1959 quae
617 1883 673 1941 Dis
693 1884 772 1960 apud
792 1884 869 1941 atria
889 1883 973 1940 Pelei

211 1982 321 2041 Invitis
342 1982 442 2059 epulas
462 1982 571 2058 injecto
591 1982 711 2039 miscuit
730 2001 810 2054 auro,

212 2080 336 2157 Hasque
354 2079 429 2137 mihi
449 2079 518 2137 fecit
537 2079 693 2138 lacrimas:
715 2074 757 2137 sic
776 2079 868 2156 impia
888 2079 1007 2137 demum

211 2178 335 2251 Audias,
357 2183 388 2235 et
407 2177 491 2235 nobis
512 2183 542 2235 et
563 2177 618 2235 Dis
638 2178 733 2235 invisa
753 2178 903 2255 supremis.

254 2583 273 2614 ‘⁴
281 2578 462 2652 Extremam,
504 2579 649 2656 genetrix,
692 2598 770 2637 mors
811 2579 939 2652 advenit,
988 2579 1085 2656 accipe

332 2695 441 2735 vocem.

210 2775 320 2834 Nonne
340 2773 415 2830 mihi
434 2773 530 2846 toties,
552 2773 608 2831 hac
627 2774 691 2851 ipsa
710 2775 741 2832 in
763 2775 841 2833 valle
862 2776 977 2835 sedenti

212 2874 266 2932 Ad
280 2872 416 2951 lapidem,
434 2892 544 2950 perque
560 2871 636 2930 hanc
654 2874 798 2946 dextram,
816 2874 931 2950 juravit
947 2895 1084 2948 amorem,

214 2972 380 3050 Osculaque
400 2978 431 3030 el
450 2972 509 3030 fido
529 2971 657 3029 lacrimae
677 2992 800 3030 sanxere
821 2972 936 3049 sigillol

214 3071 287 3130 Heu
307 3070 408 3148 quales
428 3069 523 3127 recolo
543 3069 650 3126 amissa
670 3069 825 3127 dulcedine
844 3070 948 3129 fletus!

214 3168 326 3227 Felices
346 3167 417 3244 agri,
439 3184 557 3241 vosque,
579 3186 597 3223 o
616 3165 714 3224 felicia
733 3172 825 3223 testor

214 3265 324 3338 Sidera,
346 3283 395 3321 me
414 3263 542 3320 nimium
562 3269 594 3320 ei
613 3282 705 3320 vanas
725 3283 861 3341 perpessa
881 3265 1031 3341 querelas!

211 3362 295 3421 Mors
315 3360 410 3420 cheul
433 3380 512 3418 mors
532 3359 649 3418 assidua
668 3361 842 3419 mordalibus
861 3363 967 3419 umbra

214 3460 399 3520 Involitansl
420 3458 492 3517 satis
512 3464 557 3516 est
577 3457 717 3515 miserum
737 3459 794 3516 tibi
814 3460 897 3536 copia
916 3460 1021 3536 praedae
1027 3480 1036 3534 3
