2624 4074
495 597 621 675 diruti
646 597 697 684 ᾖ.

544 791 645 821 -4-

177 946 228 1006 Nn
241 946 365 1022 mireris,
377 947 484 1008 Lector
494 949 617 1022 erudite,
629 948 709 1026 quod
718 949 752 1006 in
761 967 825 1006 aevo
834 965 934 1006 rerum
943 947 1065 1006 utilium

115 1058 209 1134 magis
226 1055 329 1136 sagaci,
348 1075 437 1136 quam
453 1064 694 1116 ornamentorum
711 1057 848 1130 studioso,
869 1074 962 1114 novos
979 1075 1065 1132 quos·
1145 1103 1147 1107 ,

115 1164 183 1222 dam
208 1165 380 1224 ‘Musarum
403 1165 497 1223 fetus'
522 1165 617 1223 ausim
640 1181 819 1241 expromere,
843 1161 877 1221 id
899 1162 1064 1221 accuratius

16 1304 21 1311 ·
114 1269 228 1328 edoceri
240 1271 362 1328 fortasse
375 1289 436 1327 non
448 1268 624 1346 gravaberis.

175 1375 275 1444 Quum
290 1377 362 1453 jam,
378 1376 416 1434 ad
430 1395 514 1434 curas
530 1373 688 1432 sanctiores
704 1379 833 1444 vocatus,
849 1370 887 1430 ab
900 1371 1064 1432 Academia

112 1488 215 1539 nostra
234 1483 432 1555 decessissem,
448 1483 532 1540 venit
551 1481 627 1538 mihi
649 1481 683 1538 in
706 1485 844 1551 mentem,
860 1499 926 1556 quae
951 1479 1063 1536 calamo

113 1587 215 1645 Graeco
229 1594 282 1645 aut
295 1589 403 1646 Latino
416 1589 560 1661 lusissem,
575 1586 734 1645 subsecivis
747 1585 828 1643 horis
840 1584 874 1641 in
890 1585 1063 1642 fasciculum

112 1713 207 1750 unum
223 1695 365 1771 colligere.
408 1695 480 1752 Huc
500 1713 644 1752 accessere
664 1677 799 1768 quaedam
818 1711 880 1748 non
897 1691 1063 1748 invenusta

111 1798 295 1874 prolusiones
303 1819 405 1857 eorum
415 1799 591 1875 quibuscum
600 1797 829 1880 familiarissime
836 1801 970 1854 versatus
980 1814 1046 1852 snm
1053 1812 1063 1867 3

113 1923 205 1979 eaque
218 1904 319 1961 omnia
334 1905 441 1962 collata
457 1904 580 1960 tandem
598 1908 629 1960 et
647 1881 822 1978 cddrparata,
837 1902 881 1958 ita
898 1899 974 1958 mihi
991 1898 1062 1956 arri-

113 2012 229 2084 debant,
249 2017 285 2068 ut
302 2012 394 2069 oculis
412 2012 529 2069 viderer
545 2011 682 2088 paternis'
695 2016 839 2087 tanquam
857 2009 963 2067 filiolos
982 2027 1062 2065 meos

112 2117 223 2174 intueri
234 2137 243 2189 3
271 2118 392 2173 intuens
415 2122 524 2188 autem,
549 2135 621 2173 mox
645 2135 783 2193 cuperem
807 2116 906 2173 oculos
929 2113 1062 2171 omnium

112 2221 267 2279 hominum
280 2222 317 2279 ad
332 2221 447 2279 eosdem
461 2221 586 2279 allicere.
629 2220 785 2294 Caeterum,
800 2221 846 2278 his
859 2220 986 2278 vixdum
998 2238 1063 2295 per-

112 2331 218 2405 pensis,
233 2334 323 2405 prout
336 2330 466 2405 plurima
475 2330 558 2417 vires
574 2330 671 2388 eundo
689 2331 856 2407 acquirunt,
873 2349 938 2407 quae
956 2328 1064 2386 somni-

112 2454 206 2492 assem
225 2435 290 2491 aliis
304 2435 481 2511 quibusdam
496 2433 789 2512 Cantabrigiensibus
802 2435 973 2512 impertitus
987 2453 1061 2506 sum,

113 2545 143 2596 et
160 2539 306 2614 paulatim
323 2539 436 2596 auxilia
452 2539 486 2596 in
503 2559 536 2597 re
556 2540 749 2598 audacissima
769 2539 911 2598 contraxi
954 2537 1063 2615 Itaque

112 2647 195 2704 brevi
209 2652 340 2723 tempore
352 2646 433 2704 haud
447 2647 506 2704 scio
520 2666 559 2704 an
572 2648 672 2709 omnia
685 2647 841 2704 Nasonum
857 2652 888 2704 et
904 2645 1063 2703 Maronum

32 2794 35 2800 .
112 2757 143 2808 et
164 2750 324 2807 Poetarum
345 2750 534 2808 Scenicorum
553 2751 663 2810 scrinia
679 2751 713 2808 in
731 2770 837 2807 manus
855 2769 935 2808 meas
950 2749 1063 2807 fuerint

113 2856 203 2913 effusa
213 2875 222 2928 3
243 2861 322 2913 certe
336 2875 371 2913 ea
383 2855 503 2931 quidem
517 2856 687 2914 abundabat
700 2855 905 2913 munificentia
917 2860 1022 2912 vatum
1032 2859 1063 2912 et

113 2961 219 3020 Latine
234 2968 264 3020 et
277 2963 381 3021 Attice
395 2964 595 3036 scribentium,
607 2969 643 3021 ut
656 2964 689 3020 in
703 2965 851 3041 seligendo
865 2965 959 3042 magis
972 2983 1062 3042 quam

113 3067 146 3123 in
160 3068 322 3144 colligendo
337 3088 468 3126 summus
482 3069 565 3126 labor
577 3075 744 3145 poneretur.

184 3171 271 3229 Inter
284 3172 337 3229 has
351 3192 419 3248 opes
429 3173 551 3248 plurimi
564 3171 707 3231 faciebam
720 3193 901 3252 quaecunque
916 3176 953 3234 de
967 3175 1064 3234 Musis

114 3281 295 3338 nostratibus
322 3281 429 3339 Latine
456 3302 596 3340 conversa
619 3283 789 3360 acciperem,
814 3286 974 3365 eademque
998 3288 1064 3346 dili-

113 3393 218 3464 genter
232 3389 432 3464 excerpebam.
468 3388 589 3446 Etenim
603 3390 782 3466 experiendo
796 3393 921 3468 cognovi
931 3393 1064 3452 animum

114 3494 231 3552 lectoris
244 3494 300 3552 hoc
313 3515 405 3571 genus
422 3514 456 3553 eo
474 3495 616 3554 libentius
631 3496 721 3568 adire,
737 3517 795 3575 quo
814 3498 934 3556 acrioris
952 3499 1065 3576 ingenii
