2624 4074
433 298 678 356 ARUNDINES
694 298 802 356 OAMI.
1057 307 1090 358 21

494 622 593 689 fibris
610 623 734 686 &utra

183 779 273 850 Quen
292 781 470 858 perlucentis
490 787 603 858 spectat
622 781 769 839 cunabula
788 780 889 853 Devae,

222 878 309 937 Luna
328 898 416 957 super
435 899 584 937 summum
603 880 726 938 fulserat
745 880 812 938 alba
827 881 935 957 jugum
941 899 950 951 ς

183 977 371 1055 Argentique
390 979 467 1036 faces
487 979 525 1035 ab
545 978 601 1035 Eoi
621 979 732 1036 vertice
752 978 815 1036 eaeli

223 1074 375 1153 Sparserat
395 1077 428 1133 in
448 1077 537 1134 silvas
556 1076 774 1153 turrigeraeque
794 1076 901 1134 domos

183 1234 222 1292 In
242 1234 319 1292 lecto
338 1238 494 1309 composta,
517 1252 602 1290 suum
618 1232 682 1309 jam
703 1231 819 1308 Phyllis
839 1231 953 1289 Alexin

224 1330 300 1388 Visa
320 1336 383 1387 erat
403 1329 436 1386 in
456 1330 565 1388 somnis
584 1349 637 1406 per
656 1330 731 1387 freta
751 1331 838 1407 longa
858 1329 948 1406 sequi,

183 1428 282 1500 Quum
296 1448 428 1505 pressum
440 1428 558 1505 irrepsit
570 1447 711 1500 murmur,
729 1428 815 1485 ‘Mea
828 1427 938 1504 Phylli,
948 1426 1079 1503 quiescas
1086 1445 1094 1498 ;

225 1526 295 1583 ‘Nil
315 1532 415 1583 movet
434 1526 570 1597 infernos,
592 1525 712 1582 lacrIma
731 1525 821 1597 nulla,
844 1524 940 1582 Deos'

183 1682 313 1741 Sustubt
332 1703 351 1740 a
370 1688 474 1740 moesto
494 1681 655 1739 tremulum
675 1687 764 1759 caput
783 1681 836 1738 illa
856 1680 954 1752 cubili,

224 1779 389 1850 Quaesitum
409 1781 440 1836 in
461 1778 591 1837 thalamo
611 1780 678 1856 quis
698 1780 738 1837 sit
758 1785 788 1837 et
809 1780 887 1837 unde
907 1798 975 1851 suo;

183 1878 224 1936 Et
244 1884 321 1936 stare
340 1879 487 1954 algentem
506 1878 664 1954 perterrita
682 1877 760 1935 vidit
779 1876 901 1948 Alexin,

224 1976 375 2052 Exsangui
395 1975 483 2032 vultu
502 1974 722 2051 luminibusque
742 1975 829 2032 cavia

187 2133 321 2192 ‘Sternor
340 2153 393 2210 ego
414 2132 565 2206 exanimis,
587 2131 651 2191 vita
672 2133 698 2191 O
718 2132 793 2190 mihi
813 2132 907 2190 carior
926 2132 997 2208 ipsa,

226 2218 452 2308 ‘intempestivo
470 2231 570 2308 pulvis
590 2238 620 2288 et
640 2250 704 2288 ossa
723 2230 813 2303 mari3
1122 2238 1124 2271 Ι

188 2330 241 2388 ‘Te
260 2330 362 2407 procul
383 2329 502 2387 addicor
520 2331 625 2387 morti:
651 2349 716 2386 mea
735 2328 844 2404 Phylli,
866 2328 996 2405 quiescas
1005 2350 1024 2386 :0
1122 2280 1124 2429 i

227 2426 349 2484 ‘Desine
369 2427 479 2499 vexari,
502 2427 582 2504 quod
601 2433 672 2485 tuus
692 2426 770 2484 absit
789 2445 876 2484 amor.

187 2583 297 2642 ‘Suave
316 2603 422 2655 meum,
438 2601 498 2640 non
514 2582 600 2658 longa
620 2601 703 2638 mora
719 2585 770 2652 est,
786 2580 859 2657 quin
875 2581 976 2639 mollia
991 2587 1094 2658 tangas

227 2683 380 2756 ‘Numina
403 2688 434 2740 et
453 2682 486 2738 in
507 2701 588 2738 sacra
608 2681 829 2757 congrediamur
848 2680 954 2754 humo;
1123 2746 1125 2751 Ι

187 2780 271 2850 ‘Qua
290 2786 391 2837 manet
410 2779 582 2836 inconcussa
601 2777 697 2849 Fides,
720 2797 821 2835 secura
840 2779 989 2850 laborum;
1123 2764 1125 2831 l

226 2877 311 2948 ‘Qua
330 2876 440 2953 gremio
461 2894 614 2952 nunquam
634 2874 771 2950 diripiere
791 2874 874 2931 meo.²
1123 2834 1126 3007 ⁴

1124 3114 1126 3149 l

1124 3202 1126 3235 l

184 3036 315 3094 Fortiter
334 3036 481 3112 increpuit
499 3035 609 3113 gallus:
633 3053 708 3111 vaga
726 3034 804 3110 fugit
825 3034 942 3109 Imago:

227 3135 359 3192 Solvitur
379 3141 448 3191 ante
469 3133 566 3191 oculos
586 3132 666 3209 quod
686 3132 745 3189 fuit
765 3151 851 3189 omne
870 3131 944 3203 viri;

185 3231 244 3290 Sed
263 3238 362 3290 tenere
382 3231 538 3290 abscedens
558 3230 636 3288 dixit
642 3250 651 3303 ;
678 3229 765 3287 ‘Mea
783 3229 931 3301 blandula,
952 3229 1046 3285 dormi
1052 3247 1060 3298 ;
1124 3252 1126 3311 ᾗ

228 3328 297 3386 ‘Nil
317 3334 416 3386 movet
435 3329 572 3400 infernos,
594 3328 713 3385 lacrima
732 3326 822 3398 nulla,
845 3325 940 3384 Deos’

937 3452 967 3492 H.
984 3451 1011 3490 D.
1124 3446 1126 3479 ἱ
