2624 4074
437 342 683 401 ARUNDINES
705 347 818 404 cAMl.

500 589 548 652 bt
568 590 756 666 1001110001.

175 713 329 788 Posruun,
350 718 431 796 quod
450 721 558 796 quoeris
578 721 661 793 mihi,
683 723 763 798 quod
782 724 847 797 tibi,
868 724 941 783 defit
959 725 1083 802 asylum,

215 839 322 916 Neque
342 841 404 900 ulla
423 843 512 904 rebus
531 845 733 922 impetrantur
752 848 833 907 otia:

174 963 319 1022 Ut'male
339 967 473 1025 nimboso
494 988 562 1026 cum
581 971 705 1029 turbine
722 973 860 1031 conditur
879 976 968 1032 aetas!
1075 1008 1077 1012 ·

216 1087 263 1146 Ut
282 1089 363 1147 inter
381 1110 464 1147 erma
484 1093 623 1151 saeoulum
643 1095 825 1153 renascitur!

174 1210 222 1269 Ut
241 1213 324 1289 rupti
344 1190 440 1271 nexus
459 1216 645 1292 populorum,
667 1236 804 1294 ususque,
827 1219 997 1297 modusque,

215 1336 255 1394 Et
275 1338 353 1395 111101
375 1345 526 1398 noventur
544 1341 666 1399 urbium
686 1344 800 1400 status!

173 1460 238 1517 Nec
258 1466 301 1532 tu,
325 1461 430 1520 Rhene
450 1467 543 1540 pater,
566 1482 620 1520 nee
639 1464 744 1540 proelia
764 1440 935 1540 Nilipotens
955 1484 1017 1537 rex,

214 1585 321 1660 Neque
342 1587 478 1643 obserata
496 1585 657 1655 distulistis
677 1590 816 1664 sequere!

173 1706 221 1763 En
241 1707 365 1783 geminae
385 1714 489 1784 gentes
509 1728 599 1785 regno
619 1728 707 1785 super
727 1709 828 1767 omnia
847 1710 973 1768 turbant
979 1729 988 1782 3

214 1832 282 1889 Stet
302 1833 429 1890 invicem
449 1839 593 1910 petronus
614 1841 645 1892 et
660 1835 750 1910 juvat
771 1834 872 1894 Deus:

173 1955 270 2027 Hanc,
291 1963 378 2014 vetus
399 1958 580 2034 obsequium,
601 1958 757 2036 Neptunia
777 1959 876 2037 cuspis
896 1959 1039 2051 obarmat,

213 2079 341 2137 Oorusca
361 2081 549 2139 fulminantis
569 2082 646 2139 110110
666 2081 689 2139 J
690 2082 753 2140 ovis
773 2101 888 2139 manus.

173 2204 260 2261 Auro
279 2204 399 2262 inhient
418 2205 531 2279 ambe,
555 2211 688 2283 superest
708 2206 852 2265 1101011010
871 2207 977 2279 fraudi,

212 2325 253 2382 Et
263 2325 337 2401 'ipse
357 2326 461 2383 crescit
481 2327 690 2402 appetentibus
710 2327 808 2384 fames.

172 2448 250 2525 Ergo
271 2468 340 2506 ense
359 2449 470 2524 injecto
491 2449 679 2507 Brennorum
701 2449 804 2507 Gallus
823 2449 862 2506 ad
881 2450 976 2507 instar

214 2575 364 2651 Superbus
384 2594 442 2631 0010
462 2573 637 2650 libripendis
657 2574 772 2631 elevat:

174 2697 278 2766 Qualis
298 2703 330 2754 at
350 2695 484 2754 articulis
504 2694 629 2771 polypus
649 2713 721 2752 cava
740 2699 839 2752 tentet
859 2713 1011 2771 aquarum,

213 2823 296 2880 Terit
317 2822 482 2880 Britannus
502 2841 589 2879 omne
610 2821 750 2880 classibus
770 2821 899 2878 fretum:

173 2947 320 3005 Gentibus
338 2947 390 3006 ille
411 2952 504 3004 setam
524 2946 581 3004 sibi
601 2946 734 3003 vindicet
754 2944 972 3023 Amphitriten,

214 3069 374 3146 Habetque
394 3088 501 3127 avarus
521 3087 630 3145 aequor,
653 3074 688 3126 ut
708 3067 941 3139 domumsuam.

173 3195 241 3251 Hoc
262 3214 342 3270 opus,
364 3194 410 3251 hae
431 3193 509 3252 vires
520 3214 529 3267 3
554 3194 662 3271 quibus
683 3193 874 3268 omnigenum
894 3196 1054 3249 ventorum

210 3317 242 3374 N
243 3318 320 3393 igros
341 3317 492 3394 adusque
513 3315 662 3373 devolavit
683 3315 800 3391 objices,

168 3439 322 3498 Sideribus
342 3441 479 3516 rexitque
499 3446 594 3496 ratem
614 3458 675 3495 non
695 3444 766 3495 01100
786 3436 920 3513 repertis,

207 3562 385 3638 Inexpedite
405 3581 465 3638 quo
485 3561 562 3618 ferat
581 3559 658 3617 lucri
677 3560 735 3630 vie,
