2624 4074
394 335 640 393 ARUNDINES
657 337 765 393 OAMJ.
930 418 944 439 ⁶
1022 337 1055 392 67

186 608 251 667 Nec
272 609 365 686 plura,
389 615 420 667 et
440 610 514 667 risit.
558 610 637 667 Mihi
660 610 788 668 defecere
810 611 931 687 paventi

186 706 321 765 Lumina
365 706 541 784 Suspiciena,
565 707 682 765 Paridis
704 708 838 766 cedentia
858 709 923 766 vidi

186 803 318 877 Brachia,
342 804 554 882 «Iunonemque
575 811 696 881 aspectu
717 811 805 862 torva
826 806 997 879 minantem,

185 901 289 959 Aurea
308 908 344 960 ut
365 903 493 960 involvit
514 903 614 960 nubes.
658 902 721 978 Ego
743 903 805 960 sola
825 904 996 962 manebam:

186 997 254 1057 Sola
277 1019 380 1076 gemo:
406 1000 498 1058 solam
522 1019 600 1058 mors
622 1006 762 1076 exoptata
783 1001 901 1058 levabit.

227 1277 311 1336 “Ida
347 1283 455 1350 tamen,
496 1279 638 1355 genetrix,
679 1298 757 1336 mors
790 1280 920 1352 advenit,
958 1279 1056 1355 accipe

306 1394 415 1434 vocem.

147 1438 150 1445 Ι
186 1474 306 1532 Scilicet
327 1480 358 1532 et
381 1474 475 1532 forma
499 1475 643 1550 superati
682 1473 740 1532 Sed
763 1494 817 1533 neo
838 1475 912 1533 mihi
931 1475 1055 1534 formam

186 1569 294 1627 Deeaee
314 1587 389 1646 puer
410 1588 463 1645 per
484 1569 566 1626 mille
584 1570 662 1627 vices
682 1569 790 1627 iterare
814 1569 931 1628 solebat.

186 1666 356 1736 Quinetiam
379 1667 488 1743 pardus
509 1684 604 1742 nuper
624 1667 698 1723 milri
721 1667 803 1724 vicus
824 1668 908 1725 eunti

184 1763 345 1822 Blanditiis
368 1760 500 1841 (mnam)
522 1760 658 1835 insolitis,
679 1760 836 1840 oculosque
857 1783 992 1823 coruscus

185 1861 331 1939 Hesperio
352 1860 437 1919 velut
457 1867 537 1918 aetra
558 1863 633 1937 polo,
655 1880 708 1937 per
729 1862 863 1938 gramina
883 1864 963 1920 lente

185 1955 302 2018 Ludere
322 1959 486 2032 mulcendo,
512 1960 689 2035 etpedibus
711 1961 884 2018 subvolvere
909 1961 1039 2019 caudam.

185 2052 310 2115 Saevior
331 2063 370 2130 at
397 2057 496 2114 dulces
520 2058 626 2115 melius
647 2077 713 2134 quae
736 2058 822 2116 novit
843 2060 977 2118 amoreal

184 2156 245 2229 Ah,
268 2156 344 2214 mihi
366 2156 493 2214 deliciae!
515 2175 581 2213 mea
603 2157 628 2212 ai
650 2161 681 2213 te
702 2154 822 2214 brachia
845 2157 966 2233 cingant

185 2250 370 2328 Implicitum
392 2253 560 2328 complexa!
599 2252 625 2310 Ο
650 2253 674 2309 ei
698 2253 854 2329 flagrantia
875 2254 963 2311 detur

186 2351 294 2410 Oscula
314 2350 443 2409 delibare
465 2351 633 2427 iterumque
653 2352 821 2428 iterumque
844 2352 966 2424 labellia

185 2451 308 2508 AEmula
329 2450 463 2508 continui
484 2451 565 2521 rorico,
592 2450 723 2526 qualisve
746 2457 878 2508 coruscat

185 2548 303 2606 Multus
325 2546 358 2604 in
379 2552 523 2603 autumno
547 2546 666 2603 Xanthi
687 2547 869 2604 torrentibus
893 2547 1007 2605 imber!

226 2826 245 2856 “
253 2818 434 2892 Extremam,
481 2819 625 2896 genetrix,
663 2839 741 2877 mors
786 2818 914 2892 advenit,
959 2818 1057 2895 accipe

304 2938 414 2977 vocem.

185 3014 263 3076 Tum
282 3037 362 3076 caesae
383 3016 496 3094 periere
516 3014 598 3087 mihi,
618 3035 684 3072 mea
703 3014 817 3092 gaudia,
840 3014 935 3092 pinus,

191 3115 282 3186 Qucis
301 3117 334 3172 in
355 3114 509 3172 caendeam
529 3132 616 3189 super
635 3112 873 3189 impendentibus
893 3112 964 3170 olim

187 3212 368 3286 Convellem,
390 3213 423 3270 in
444 3212 521 3269 foliis
542 3229 700 3268 nemorooae
721 3212 810 3287 rupis,
834 3217 864 3268 et
884 3211 963 3268 inter

185 3310 404 3390 Montanaeque
423 3311 507 3369 nivea
527 3311 679 3386 niveaeque
699 3309 847 3386 voraginis
867 3315 980 3380 aestum,

185 3411 287 3470 Acriis
307 3409 413 3488 aquilae
434 3408 546 3486 prolem
566 3407 666 3465 fovere
686 3406 825 3464 latebris:

184 3509 284 3582 Unde,
305 3528 358 3586 per
377 3508 548 3566 horrentem
571 3524 645 3562 caeoa
665 3504 789 3580 caligine
809 3503 949 3573 frondem,
