2624 4074
432 317 488 374 Aa
496 316 678 374 UNDINES
699 316 808 375 OAMI.
1065 320 1100 374 59
1208 400 1211 404 ⁴

233 765 289 825 Dis
308 766 406 844 amplo
426 774 545 845 aspectu
564 768 646 828 Pelei
666 769 880 829 celebrantibus
899 770 1005 843 aulam,

233 864 415 942 Appositum
435 866 515 924 rixas
535 868 677 943 genuisse.
721 868 790 926 Hoc
809 868 916 927 nuntia
935 867 1048 925 malum

233 962 354 1022 Detulit
374 967 429 1023 en!
459 964 518 1023 Iris
539 966 626 1024 celeri
645 947 772 1024 velocior
791 985 872 1039 aura,

234 1061 276 1144 Et
295 1061 375 1142 mihi,
389 1063 563 1138 permissum
583 1063 732 1120 communi
751 1063 858 1122 foedere
877 1064 982 1140 palmae

234 1160 370 1218 {liadidit
390 1160 553 1218 arbitrium.
597 1161 679 1231 Quin
699 1181 769 1219 mox
790 1176 858 1218 cum
878 1161 1000 1222 Pallade
1019 1164 1102 1225 Juno

234 1258 417 1317 Ooncurrens
436 1258 532 1318 aderit
551 1280 657 1336 magna
677 1259 715 1317 ad
734 1260 894 1318 certamina
913 1261 1020 1335 formae,

234 1357 275 1415 Et
295 1355 442 1433 Cytherea
462 1356 574 1415 Venus.
618 1358 671 1431 Tu,
694 1377 754 1435 qua
773 1357 905 1434 longaeva
924 1367 1079 1419 susurrant

233 1453 349 1527 Puncta,
371 1460 525 1512 antrorum
544 1456 644 1513 videas
665 1455 758 1513 celata
777 1454 897 1512 latebris

234 1551 287 1610 Me
307 1551 445 1610 Paridem
464 1558 563 1610 tantas
584 1551 731 1629 Superum
752 1570 924 1628 componere
943 1553 1028 1613 lites’

277 1947 360 2005 “Ida
373 1966 475 2019 meam,
490 1947 633 2023 genetrix,
649 1967 726 2005 mors
739 1947 867 2022 advenit,
883 1948 980 2025 accipe
993 1968 1101 2007 vocem.

233 2045 357 2103 Arduus
377 2045 410 2102 in
430 2045 526 2102 medio
546 2046 687 2122 flagrabat
708 2045 836 2104 Phoebus
856 2046 1001 2124 Olympo:

234 2145 371 2221 Unaque,
393 2145 523 2221 protenti
543 2145 636 2203 latera
655 2145 734 2202 inter
753 2145 839 2222 pinea
859 2145 958 2219 saltus,

235 2241 361 2300 Errabat
380 2242 479 2299 nubes
523 2241 692 2299 Herbesum
712 2241 889 2300 adeuntibus
909 2249 1037 2316 antrum,

234 2336 368 2412 Fulgida,
390 2337 445 2394 sub
465 2336 587 2412 pedibus
607 2336 761 2408 nudarum,
784 2337 869 2412 copia
888 2336 1002 2410 florum,

236 2432 314 2491 Lilia
334 2452 402 2490 cum
421 2432 508 2489 violis
528 2438 559 2489 et
578 2451 728 2489 amaracus
748 2433 979 2511 asphodelusque

235 2530 358 2604 Ludere,
381 2549 449 2588 cnm
468 2530 537 2603 loto,
560 2531 694 2605 vitesque
713 2529 886 2607 boderaeque
909 2537 1049 2609 vagantes

235 2630 371 2706 Desuper
387 2630 557 2686 innumeras
576 2633 666 2686 vento
685 2628 863 2686 intertexere
883 2630 982 2702 vittas,

235 2727 384 2803 Missaque
404 2727 558 2784 baccarum
578 2725 611 2782 in
634 2725 716 2782 vario
736 2743 803 2782 cum
823 2724 893 2784 flore
913 2746 1027 2786 racemo

234 2823 337 2883 Infirla
356 2824 473 2882 nodosis
493 2822 610 2880 frondes
629 2823 779 2881 involvere
799 2825 895 2883 ramis.

277 3135 295 3165 ‘⁸
304 3131 360 3189 Ida
373 3151 476 3205 meam,
492 3131 635 3208 genetrix,
651 3150 729 3189 mors
743 3129 869 3204 advenit,
885 3130 982 3207 accipe
993 3148 1101 3189 vocem

235 3229 313 3288 Tum
333 3248 421 3306 super
440 3231 592 3287 arboribus
613 3229 735 3287 summis
755 3228 872 3306 delapsa
892 3229 1001 3286 morari

235 3326 319 3400 Visa,
342 3332 373 3384 et
393 3326 570 3384 odoriferum
589 3327 698 3385 sensim
718 3327 881 3385 diffundere
901 3346 998 3385 rorem

235 3424 339 3485 Aurea
360 3423 473 3481 cristati
492 3426 585 3483 nubes
605 3425 727 3503 pavonis
747 3425 780 3482 in
798 3424 867 3484 alas.
