2624 4074
433 339 678 396 ARUNDINES
699 340 806 396 OAMJ.
1055 344 1090 395 45

182 713 279 772 Nocte
298 713 383 771 velut
402 713 493 773 radiis
511 705 663 792 perfundit
684 714 814 792 Cynthia
833 699 928 789 colles,

223 811 356 870 Lucebet
375 831 457 870 roseo
477 813 546 872 telis
566 814 599 872 in
618 832 668 872 ore
689 812 797 873 Pudor.

183 908 343 986 Integritas
363 909 417 982 illi,
439 929 556 987 quoquo
576 911 702 987 vestigia
721 911 811 984 flexit,

223 1008 353 1068 Assidue
373 1009 510 1082 haerebat,
532 1009 768 1087 simplicitasque,
791 1030 893 1069 comes

183 1105 334 1165 Ardentes
353 1106 463 1165 frustra
478 1107 604 1184 juvenes
623 1107 655 1164 in
675 1108 798 1184 virginis
819 1128 871 1166 ore

224 1187 392 1261 Vertebent
412 1204 517 1276 oculos,
539 1205 646 1263 aemuie
665 1207 760 1278 turbe,
782 1207 863 1283 proci
873 1226 882 1280 ς

183 1300 295 1360 Nullus
317 1301 396 1359 enim
416 1303 522 1379 potuit,
544 1303 602 1361 nisi
623 1304 676 1381 qui
695 1304 769 1362 bene
789 1305 865 1362 fidus
886 1304 1003 1362 emebat

225 1399 389 1471 Arminius,
411 1400 548 1477 nymphae
568 1401 683 1459 flectere
704 1401 792 1458 corde
812 1420 878 1460 suec.

185 1701 242 1760 Ille
261 1703 367 1762 hebuit
387 1723 492 1776 secum,
513 1704 623 1781 primos
642 1702 695 1780 qui
714 1702 815 1777 movit,
837 1721 956 1775 emeres,

226 1801 295 1860 Sive
315 1802 377 1861 dies
396 1821 487 1860 verno
506 1808 638 1877 tempore
658 1802 750 1861 festus
771 1809 841 1876 eret,

187 1897 255 1957 Sive
275 1900 330 1957 sub
350 1899 485 1957 arboreus
504 1899 621 1957 frondes
640 1899 673 1956 in
692 1904 778 1976 prete
797 1898 933 1958 trahebat

226 1997 324 2056 Notus
345 1997 505 2056 Teutonico
525 1997 618 2056 saltus
637 1997 670 2054 in
690 1997 758 2056 orbe
779 1998 873 2055 choro.

186 2096 332 2155 Fasciolas
352 2096 443 2174 cupiti
461 2098 544 2154 vario
563 2102 649 2173 perot
668 2096 720 2154 ille
741 2096 842 2168 colore,

229 2195 392 2253 Auricomc
412 2195 528 2272 quoties
547 2215 640 2253 messe
659 2195 784 2252 rubebat
804 2214 874 2272 eger
883 2215 892 2267 5

188 2293 248 2351 Ille
267 2293 349 2352 sedet
364 2293 463 2370 juxte,
485 2292 557 2350 dum
576 2292 667 2350 faeces
686 2290 945 2368 stringit-ametor,

228 2391 314 2450 Neve
333 2393 417 2449 labor
436 2391 562 2468 franget,
583 2391 691 2449 risibus
711 2390 764 2448 illa
782 2384 873 2448 vetet.
939 2458 941 2462 λ

190 2682 286 2760 Inque
305 2682 384 2740 vices
404 2686 540 2758 segetem,
560 2698 649 2758 quem
670 2683 808 2757 praesecet
828 2677 886 2749 ille,
909 2676 1043 2749 revincit,

230 2781 327 2858 Inque
346 2781 424 2838 vices
443 2779 548 2837 furtim
567 2779 687 2856 respicit
706 2797 758 2836 ore
776 2776 864 2854 proci,

189 2878 368 2956 Vespertine
386 2897 491 2955 perum
511 2897 653 2935 memores
673 2877 744 2934 dum
764 2875 872 2953 frigore
891 2879 1023 2951 tangent,

230 2976 273 3034 Et
292 2995 392 3034 roseus
412 2975 515 3033 eoelum
535 2978 667 3051 permeet
686 2992 771 3031 omne
791 2972 877 3030 color.

192 3071 296 3131 Curius
316 3071 455 3130 Arminio
475 3072 551 3129 nihil
573 3077 617 3130 est
637 3090 726 3148 quem
746 3071 805 3128 fide
826 3069 963 3141 Roselbe,

232 3171 321 3231 Hanc
341 3171 423 3229 videt
443 3171 474 3228 in
496 3170 613 3242 somnis,
635 3170 712 3227 hene
732 3170 875 3228 redeunte
895 3167 962 3226 die:

192 3269 296 3342 Queiis
316 3269 349 3326 in
368 3267 508 3328 Arminio
528 3266 618 3326 fervit
634 3273 793 3344 tenereque
814 3264 950 3338 Roselbe,

232 3365 356 3425 Pectore
375 3365 408 3423 in
429 3365 536 3443 Elysiis
556 3364 672 3423 sedibus
692 3363 755 3421 urit
774 3362 877 3420 Amor.

126 3554 1253 3816 -———-—†
