2624 4074
526 335 708 393 LECTORI
726 335 757 392 S.
1080 332 1111 388 iii

159 620 317 678 Etonensis
328 619 505 697 Praeposito3
522 619 595 697 quid
605 618 804 677 eruditissimo
816 617 973 676 Francisco
983 616 1112 694 Wrong-

159 727 235 800 ham,
246 727 325 784 inter
333 727 488 803 Brigantes
497 726 733 784 Archidiacono:
751 725 824 803 quid
834 723 947 784 Baroni
957 723 1114 800 Lyttelton

55 917 57 922 Ι
160 839 306 910 quantum
319 833 426 904 titulis,
440 838 560 890 tantum
574 832 694 909 ingenio
708 818 743 889 et⁴
753 831 887 889 doctrina
899 829 992 887 nobili
1002 850 1012 903 ;
1040 828 1114 906 quid

160 939 287 1016 denique
310 939 487 997 amicissimo
510 958 576 1005 meo
600 939 735 996 Henrico
759 936 894 995 Johanni
917 928 1072 1012 Hodgson,
1097 955 1114 994 e

160 1045 281 1122 collegio
306 1045 356 1104 SS.
384 1046 540 1104 Trinitatis
564 1046 649 1119 socio,
673 1051 704 1103 et
727 1045 765 1103 eb
790 1063 845 1103 ovo
865 1043 1017 1122 usquead
1037 1043 1116 1100 mela

160 1157 282 1210 strenuo
295 1171 356 1228 prae
369 1152 506 1208 omnibus
520 1151 700 1210 auxiliatori

223 1257 370 1334 Superest,
386 1265 422 1316 ut
442 1278 544 1334 pacem
564 1262 650 1315 tuam
669 1258 835 1334 impetrem,
853 1256 947 1314 lector
964 1254 1114 1327 benevole,

161 1365 187 1423 si
206 1365 328 1423 fortasse
348 1365 482 1442 quaedam
500 1365 647 1437 mendose,
664 1365 798 1442 quaedam
816 1361 1022 1438 negligentius,
1036 1359 1116 1418 inter

161 1471 214 1528 has
227 1489 328 1547 nugae,
338 1472 420 1547 prelo
434 1470 587 1528 commissa
601 1470 739 1528 offendas.
777 1468 915 1545 Oujusvis
929 1473 974 1525 est
987 1456 1116 1524 hominis

162 1596 278 1634 errare:
301 1577 425 1653 quinat
445 1582 546 1635 noster
566 1575 747 1635 Vincentius
768 1575 896 1646 Boume,
913 1573 1116 1631 ornatissimus

161 1683 213 1742 ille
237 1683 367 1742 Romani
389 1684 528 1741 carminis
550 1683 665 1755 artifex,
688 1682 751 1759 ipse
774 1680 931 1758 aliquoties
954 1685 1065 1756 peccat,
1086 1684 1117 1737 et

162 1809 264 1847 versus
277 1790 472 1868 incomposito
485 1792 559 1868 pede
573 1798 724 1850 currentes
740 1792 862 1870 patitur.
906 1791 998 1869 Spero
1016 1798 1117 1852 eutem

162 1904 194 1955 te
208 1897 323 1955 facilius
336 1899 411 1956 mihi
428 1900 708 1976 obtemperaturum,
723 1900 748 1957 si
766 1897 957 1972 intellexeris,
974 1898 1117 1956 editorem

163 2009 257 2076 tuum,
274 2022 370 2081 neque
389 2004 468 2062 inter
486 2004 575 2062 silvas
593 2003 745 2077 Academi,
762 2024 859 2082 neque
878 2010 1001 2082 propter
1020 2024 1118 2062 susur-
1192 2068 1198 2078 ⁴

164 2115 264 2166 rantes
282 2109 364 2167 Ilissi
380 2110 467 2186 ripas,
484 2110 535 2167 sed
554 2111 587 2167 in
605 2130 674 2168 rure
692 2109 822 2181 reducto,
836 2109 937 2186 procul
955 2109 993 2166 ab
1006 2110 1116 2182 amicis,

164 2215 266 2292 procul
280 2234 298 2272 e
311 2215 404 2286 libris,
414 2215 516 2291 procul
530 2235 548 2273 a
561 2215 798 2273 doctissimorum
811 2214 964 2292 colloquio,
977 2214 1072 2272 solum
1087 2220 1119 2272 et

164 2322 290 2380 taciturn
315 2327 345 2379 et
369 2321 528 2398 aliquando
551 2321 763 2395 tristissimum,
785 2321 839 2378 hos
862 2320 977 2379 labores
998 2340 1065 2378 suos
1085 2321 1119 2380 in

164 2428 261 2486 lucem
275 2427 438 2504 protulisse.

191 2582 195 2590 .
227 2534 295 2591 Tibi
318 2551 395 2606 vero,
419 2533 511 2592 Alma
535 2532 635 2593 Mater
661 2534 809 2612 ‘lepidum
830 2552 942 2591 novum
966 2531 1118 2604 libellum,'

166 2641 378 2720 qualiscunque
391 2640 438 2714 sit,
454 2640 531 2698 dono
544 2660 578 2697 ao
592 2641 701 2698 dedico.
745 2640 798 2714 Tu,
814 2659 868 2717 pro
883 2658 917 2698 eo
930 2658 965 2697 ac
979 2644 1117 2712 meretur,

167 2751 220 2804 eut
240 2744 359 2822 abjicies
379 2745 498 2802 aut—si
517 2765 564 2804 me
585 2765 672 2818 amas,
692 2745 884 2822 amplecteris
928 2742 986 2801 Tui
1005 2749 1120 2820 gratem

119 2915 121 2918 v
168 2849 340 2907 memoriam
360 2849 408 2907 vel
428 2849 531 2907 absens
551 2868 715 2927 persequar.
759 2849 858 2920 Quare
875 2850 922 2908 fac
940 2868 988 2908 me
1007 2849 1120 2927 diligas,

169 2961 200 3014 et
213 2955 354 3032 dignitati
367 2973 439 3012 meae
453 2955 627 3032 suffrageris.

186 3199 285 3250 Dabam
301 3196 369 3262 apud
385 3197 564 3246 Gnmsrrnun
580 3196 697 3258 Vranrn,

169 3301 192 3334 a.
210 3283 234 3332 d.
253 3293 314 3331 1111.
333 3280 386 3330 Cat
406 3279 512 3343 Aprilis,
533 3279 750 3364 Moesorum.
