2624 4074
397 323 453 380 An
460 326 641 383 UNDINES
658 327 768 385 OAMI.

150 731 209 789 Ille
228 751 276 790 me
296 736 444 808 spectrum
463 731 588 808 putavit
611 731 798 790 candidatam
819 739 967 807 contuens,

151 829 246 889 Recta
266 835 393 903 euntem,
414 849 469 887 nec
489 830 666 907 loquentem,
688 831 763 888 lucis
783 838 819 889 ut
839 833 1049 892 scintillulam:

152 927 204 986 Me
224 933 332 985 vocant
352 927 500 985 crudelem
520 927 639 1000 amicae3
660 928 710 986 sed
730 948 796 986 mea
815 929 858 986 nil
879 930 1020 990 interest:

151 1027 281 1086 Domina
300 1046 428 1104 namque
448 1027 595 1099 feriarum,
616 1028 703 1104 pubis
723 1034 754 1086 et
774 1027 914 1105 Princeps
935 1049 991 1088 erc.

149 1459 273 1536 Deperit
292 1477 347 1531 me,
369 1459 462 1532 aiunt,
484 1459 608 1516 amando
618 1479 627 1532 3
647 1465 679 1516 at
698 1478 758 1516 non
778 1478 830 1535 ego
846 1459 905 1516 illis
921 1459 1057 1518 credula:

149 1557 280 1634 Deperit,
301 1561 402 1629 mater,
425 1555 568 1628 dolend03
589 1557 673 1633 atqui
692 1576 757 1614 mea
777 1556 849 1632 quid
869 1557 1012 1616 interestl

149 1654 344 1728 Pulchriores,
366 1653 507 1726 fortiores,
529 1654 637 1732 quippe
657 1661 745 1712 erunt
764 1655 845 1732 proci
864 1654 938 1711 mihi
948 1675 957 1728 3

149 1753 191 1812 Et
210 1773 264 1831 ego
284 1753 414 1811 Domina
433 1752 580 1825 feriarum,
602 1753 690 1830 pubis
710 1759 740 1811 et
760 1752 903 1830 Princeps
924 1773 979 1811 cro.
1035 1749 1037 1752 ⁴

147 2180 213 2240 Nec
232 2183 331 2241 minus
350 2182 459 2241 tenella
477 2201 594 2240 mecum
614 2181 768 2241 feriabitur
787 2201 868 2241 soror
877 2201 886 2255 ;

147 2277 251 2357 Tuque
271 2300 326 2355 me,
348 2287 450 2354 mater,
471 2281 544 2339 velis
564 2280 663 2339 videre
682 2280 747 2338 fieri
765 2280 946 2358 principem:

146 2377 228 2436 Nam
243 2379 387 2456 juventus
406 2379 602 2457 undequaque
622 2380 721 2438 veniet
734 2368 966 2456 ⁸agricolantium
975 2401 984 2454 3

147 2475 189 2534 Et
208 2495 261 2554 ego
282 2476 411 2534 Domina
430 2477 577 2550 feriarum,
598 2477 685 2554 pubis
705 2483 736 2535 et
756 2477 895 2555 Princeps
916 2497 971 2536 ero.
1073 2518 1075 2523 -

146 2913 212 2972 En!
233 2934 313 2973 casas
334 2914 443 2972 intexit
463 2913 536 2972 udas
555 2915 688 2991 postibus
708 2914 900 2992 caprifolium‚

145 3010 243 3089 Inque
262 3011 355 3089 pratis
374 3030 427 3088 per
446 3011 560 3069 canales
580 3012 747 3069 cardamina
767 3013 923 3086 suaveolet,

145 3106 254 3167 Subter
273 3109 305 3166 in
325 3108 436 3186 stagnis
456 3114 589 3166 coruscat
609 3109 678 3167 orbe
697 3108 796 3167 caltha
815 3109 967 3168 flammeo:

145 3205 216 3285 Ipsa
235 3207 365 3264 Domina
384 3205 532 3274 feriarum,
553 3212 656 3279 mater,
678 3212 709 3265 et
728 3206 869 3284 Princeps
889 3227 944 3265 ero.
