<?xml version="1.0" encoding="UTF-8"?>
<!DOCTYPE html PUBLIC "-//W3C//DTD XHTML 1.0 Transitional//EN"
    "http://www.w3.org/TR/xhtml1/DTD/xhtml1-transitional.dtd">
<html xmlns="http://www.w3.org/1999/xhtml" xml:lang="en" lang="en">
 <head>
  <title>
</title>
<meta http-equiv="Content-Type" content="text/html;charset=utf-8" />
  <meta name='ocr-system' content='tesseract 3.04.00' />
  <meta name='ocr-capabilities' content='ocr_page ocr_carea ocr_par ocr_line ocrx_word'/>
</head>
<body>
  <div class='ocr_page' id='page_1' title='image "arundinescamisi00unkngoog_0038.png"; bbox 0 0 2624 4074; ppageno 0'>
   <div class='ocr_carea' id='block_1_1' title="bbox 395 317 767 374">
    <p class='ocr_par' dir='ltr' id='par_1_1' title="bbox 395 317 767 374">
     <span class='ocr_line' id='line_1_1' title="bbox 395 317 767 374; baseline 0.003 -1"><span class='ocrx_word' id='word_1_1' title='bbox 395 317 641 374; x_wconf 76' lang='lat' dir='ltr'><em>ARUNDINES</em></span> <span class='ocrx_word' id='word_1_2' title='bbox 658 317 767 374; x_wconf 63' lang='lat' dir='ltr'>eum,</span> 
     </span>
    </p>
   </div>
   <div class='ocr_carea' id='block_1_2' title="bbox 429 592 733 666">
    <p class='ocr_par' dir='ltr' id='par_1_2' title="bbox 429 592 733 666">
     <span class='ocr_line' id='line_1_2' title="bbox 429 592 733 666; baseline -0.013 -2"><span class='ocrx_word' id='word_1_3' title='bbox 429 592 529 664; x_wconf 61' lang='lat' dir='ltr'>aanor</span> <span class='ocrx_word' id='word_1_4' title='bbox 549 597 733 666; x_wconf 59' lang='lat' dir='ltr'>tutatuta</span> 
     </span>
    </p>
   </div>
   <div class='ocr_carea' id='block_1_3' title="bbox 347 740 820 1407">
    <p class='ocr_par' dir='ltr' id='par_1_3' title="bbox 351 740 749 822">
     <span class='ocr_line' id='line_1_3' title="bbox 351 740 749 822; baseline 0.018 -23"><span class='ocrx_word' id='word_1_5' title='bbox 351 740 453 800; x_wconf 76' lang='lat' dir='ltr'>Suuux</span> <span class='ocrx_word' id='word_1_6' title='bbox 473 764 549 822; x_wconf 83' lang='lat' dir='ltr'>aeger</span> <span class='ocrx_word' id='word_1_7' title='bbox 567 747 602 804; x_wconf 75' lang='lat' dir='ltr'>iri</span> <span class='ocrx_word' id='word_1_8' title='bbox 621 746 749 806; x_wconf 79' lang='lat' dir='ltr'>Tarento</span> 
     </span>
    </p>

    <p class='ocr_par' dir='ltr' id='par_1_4' title="bbox 350 839 733 921">
     <span class='ocr_line' id='line_1_4' title="bbox 350 839 733 921; baseline 0.018 -25"><span class='ocrx_word' id='word_1_9' title='bbox 350 839 398 896; x_wconf 90' lang='lat' dir='ltr'>De</span> <span class='ocrx_word' id='word_1_10' title='bbox 418 860 510 917; x_wconf 86' lang='lat' dir='ltr'>oryxa</span> <span class='ocrx_word' id='word_1_11' title='bbox 530 850 560 901; x_wconf 93' lang='lat' dir='ltr'>et</span> <span class='ocrx_word' id='word_1_12' title='bbox 579 844 733 921; x_wconf 87' lang='lat' dir='ltr'>pulmento</span> 
     </span>
    </p>

    <p class='ocr_par' dir='ltr' id='par_1_5' title="bbox 350 935 711 1097">
     <span class='ocr_line' id='line_1_5' title="bbox 350 935 711 1016; baseline 0.019 -24"><span class='ocrx_word' id='word_1_13' title='bbox 350 935 417 993; x_wconf 82' lang='lat' dir='ltr'>Vfli</span> <span class='ocrx_word' id='word_1_14' title='bbox 437 938 554 998; x_wconf 81' lang='lat' dir='ltr'>vixerat</span> <span class='ocrx_word' id='word_1_15' title='bbox 572 941 711 1016; x_wconf 79' lang='lat' dir='ltr'>invent03</span> 
     </span>
     <span class='ocr_line' id='line_1_6' title="bbox 390 1035 647 1097; baseline 0.019 -5"><span class='ocrx_word' id='word_1_16' title='bbox 390 1035 492 1095; x_wconf 80' lang='lat' dir='ltr'>Donec</span> <span class='ocrx_word' id='word_1_17' title='bbox 513 1038 647 1097; x_wconf 82' lang='lat' dir='ltr'>Medicus</span> 
     </span>
    </p>

    <p class='ocr_par' dir='ltr' id='par_1_6' title="bbox 348 1131 739 1210">
     <span class='ocr_line' id='line_1_7' title="bbox 348 1131 739 1210; baseline 0.015 -21"><span class='ocrx_word' id='word_1_18' title='bbox 348 1131 419 1190; x_wconf 82' lang='lat' dir='ltr'>Seni</span> <span class='ocrx_word' id='word_1_19' title='bbox 439 1133 539 1210; x_wconf 89' lang='lat' dir='ltr'>inquit</span> <span class='ocrx_word' id='word_1_20' title='bbox 558 1136 643 1194; x_wconf 81' lang='lat' dir='ltr'>valde</span> <span class='ocrx_word' id='word_1_21' title='bbox 663 1136 739 1209; x_wconf 86' lang='lat' dir='ltr'>laete,</span> 
     </span>
    </p>

    <p class='ocr_par' dir='ltr' id='par_1_7' title="bbox 352 1228 763 1310">
     <span class='ocr_line' id='line_1_8' title="bbox 352 1228 763 1310; baseline 0.015 -24"><span class='ocrx_word' id='word_1_22' title='bbox 352 1228 466 1288; x_wconf 84' lang='lat' dir='ltr'>‘Senex</span> <span class='ocrx_word' id='word_1_23' title='bbox 486 1251 568 1308; x_wconf 84' lang='lat' dir='ltr'>aeger,</span> <span class='ocrx_word' id='word_1_24' title='bbox 591 1251 609 1290; x_wconf 89' lang='grc' dir='ltr'>ο</span> <span class='ocrx_word' id='word_1_25' title='bbox 629 1233 763 1310; x_wconf 83' lang='lat' dir='ltr'>gaudeto,</span> 
     </span>
    </p>

    <p class='ocr_par' dir='ltr' id='par_1_8' title="bbox 347 1326 820 1407">
     <span class='ocr_line' id='line_1_9' title="bbox 347 1326 820 1407; baseline 0.011 -23"><span class='ocrx_word' id='word_1_26' title='bbox 347 1326 425 1385; x_wconf 74' lang='lat' dir='ltr'>(irus</span> <span class='ocrx_word' id='word_1_27' title='bbox 444 1329 566 1387; x_wconf 87' lang='lat' dir='ltr'>ovinum</span> <span class='ocrx_word' id='word_1_28' title='bbox 581 1330 646 1407; x_wconf 88' lang='lat' dir='ltr'>jam</span> <span class='ocrx_word' id='word_1_29' title='bbox 665 1351 726 1390; x_wconf 87' lang='lat' dir='ltr'>uon</span> <span class='ocrx_word' id='word_1_30' title='bbox 746 1338 820 1404; x_wconf 83' lang='lat' dir='ltr'>vete,</span> 
     </span>
    </p>
   </div>
   <div class='ocr_carea' id='block_1_4' title="bbox 389 1424 649 1487">
    <p class='ocr_par' dir='ltr' id='par_1_9' title="bbox 389 1424 649 1487">
     <span class='ocr_line' id='line_1_10' title="bbox 389 1424 649 1487; baseline 0.019 -6"><span class='ocrx_word' id='word_1_31' title='bbox 389 1424 456 1482; x_wconf 84' lang='lat' dir='ltr'>Tibi</span> <span class='ocrx_word' id='word_1_32' title='bbox 476 1427 649 1487; x_wconf 82' lang='lat' dir='ltr'>benedieua&#39;</span> 
     </span>
    </p>
   </div>
   <div class='ocr_carea' id='block_1_5' title="bbox 511 1675 734 1684">
    <p class='ocr_par' dir='ltr' id='par_1_10' title="bbox 511 1675 734 1684">
     <span class='ocr_line' id='line_1_11' title="bbox 511 1675 734 1684; baseline 0.004 -1"><span class='ocrx_word' id='word_1_33' title='bbox 511 1675 734 1684; x_wconf 77' lang='lat'><em>——---.———</em></span> 
     </span>
    </p>
   </div>
   <div class='ocr_carea' id='block_1_6' title="bbox 245 1818 903 1913">
    <p class='ocr_par' dir='ltr' id='par_1_11' title="bbox 245 1818 903 1913">
     <span class='ocr_line' id='line_1_12' title="bbox 245 1818 903 1913; baseline 0.003 -30"><span class='ocrx_word' id='word_1_34' title='bbox 245 1819 374 1900; x_wconf 59' lang='lat' dir='ltr'>aunum</span> <span class='ocrx_word' id='word_1_35' title='bbox 395 1819 474 1883; x_wconf 68' lang='lat' dir='ltr'>{auu</span> <span class='ocrx_word' id='word_1_36' title='bbox 494 1819 584 1883; x_wconf 75' lang='lat' dir='ltr'>titum</span> <span class='ocrx_word' id='word_1_37' title='bbox 604 1818 710 1893; x_wconf 54' lang='lat' dir='ltr'>tituta</span> <span class='ocrx_word' id='word_1_38' title='bbox 731 1827 806 1913; x_wconf 62' lang='lat' dir='ltr'>tutat</span> <span class='ocrx_word' id='word_1_39' title='bbox 824 1822 903 1886; x_wconf 80' lang='lat' dir='ltr'>uoti.</span> 
     </span>
    </p>
   </div>
   <div class='ocr_carea' id='block_1_7' title="bbox 182 1969 1039 3412">
    <p class='ocr_par' dir='ltr' id='par_1_12' title="bbox 188 1969 864 2048">
     <span class='ocr_line' id='line_1_13' title="bbox 188 1969 864 2048; baseline 0.001 -20"><span class='ocrx_word' id='word_1_40' title='bbox 188 1969 267 2042; x_wconf 61' lang='lat' dir='ltr'>Qut,</span> <span class='ocrx_word' id='word_1_41' title='bbox 289 1969 384 2042; x_wconf 86' lang='lat' dir='ltr'>Musa,</span> <span class='ocrx_word' id='word_1_42' title='bbox 406 1989 492 2048; x_wconf 88' lang='lat' dir='ltr'>poena</span> <span class='ocrx_word' id='word_1_43' title='bbox 512 1975 550 2043; x_wconf 86' lang='lat' dir='ltr'>te,</span> <span class='ocrx_word' id='word_1_44' title='bbox 572 1970 701 2042; x_wconf 84' lang='lat' dir='ltr'>remissa,</span> <span class='ocrx_word' id='word_1_45' title='bbox 723 1971 864 2044; x_wconf 83' lang='lat' dir='ltr'>multabo,</span> 
     </span>
    </p>

    <p class='ocr_par' dir='ltr' id='par_1_13' title="bbox 187 2066 772 2144">
     <span class='ocr_line' id='line_1_14' title="bbox 187 2066 772 2144; baseline 0.002 -19"><span class='ocrx_word' id='word_1_46' title='bbox 187 2066 274 2137; x_wconf 80' lang='lat' dir='ltr'>Quod</span> <span class='ocrx_word' id='word_1_47' title='bbox 293 2066 452 2126; x_wconf 88' lang='lat' dir='ltr'>veritatem</span> <span class='ocrx_word' id='word_1_48' title='bbox 471 2067 595 2144; x_wconf 79' lang='lat' dir='ltr'><strong>negligis</strong></span> <span class='ocrx_word' id='word_1_49' title='bbox 615 2073 772 2126; x_wconf 83' lang='lat' dir='ltr'>venustate</span> 
     </span>
    </p>

    <p class='ocr_par' dir='ltr' id='par_1_14' title="bbox 186 2163 855 2241">
     <span class='ocr_line' id='line_1_15' title="bbox 186 2163 855 2241; baseline 0.001 -19"><span class='ocrx_word' id='word_1_50' title='bbox 186 2163 306 2222; x_wconf 75' lang='lat' dir='ltr'>Litemt</span> <span class='ocrx_word' id='word_1_51' title='bbox 333 2184 398 2222; x_wconf 85' lang='lat' dir='ltr'>meo</span> <span class='ocrx_word' id='word_1_52' title='bbox 419 2183 519 2222; x_wconf 85' lang='lat' dir='ltr'>omnes</span> <span class='ocrx_word' id='word_1_53' title='bbox 539 2184 577 2222; x_wconf 84' lang='lat' dir='ltr'>ex</span> <span class='ocrx_word' id='word_1_54' title='bbox 597 2183 695 2222; x_wconf 85' lang='lat' dir='ltr'>amore</span> <span class='ocrx_word' id='word_1_55' title='bbox 715 2165 855 2241; x_wconf 82' lang='lat' dir='ltr'>pendetis,</span> 
     </span>
    </p>

    <p class='ocr_par' dir='ltr' id='par_1_15' title="bbox 185 2261 937 2533">
     <span class='ocr_line' id='line_1_16' title="bbox 186 2261 848 2339; baseline 0.002 -19"><span class='ocrx_word' id='word_1_56' title='bbox 186 2261 226 2320; x_wconf 83' lang='lat' dir='ltr'>Et</span> <span class='ocrx_word' id='word_1_57' title='bbox 246 2263 356 2320; x_wconf 80' lang='lat' dir='ltr'>veritae</span> <span class='ocrx_word' id='word_1_58' title='bbox 376 2267 407 2320; x_wconf 91' lang='lat' dir='ltr'>et</span> <span class='ocrx_word' id='word_1_59' title='bbox 426 2262 526 2335; x_wconf 87' lang='lat' dir='ltr'>forma,</span> <span class='ocrx_word' id='word_1_60' title='bbox 549 2268 649 2339; x_wconf 86' lang='lat' dir='ltr'>tuque,</span> <span class='ocrx_word' id='word_1_61' title='bbox 671 2283 770 2320; x_wconf 88' lang='lat' dir='ltr'>amore</span> <span class='ocrx_word' id='word_1_62' title='bbox 790 2264 848 2321; x_wconf 84' lang='lat' dir='ltr'>iste</span> 
     </span>
     <span class='ocr_line' id='line_1_17' title="bbox 185 2357 937 2429; baseline 0.004 -12"><span class='ocrx_word' id='word_1_63' title='bbox 185 2357 339 2417; x_wconf 80' lang='lat' dir='ltr'>Olarauda</span> <span class='ocrx_word' id='word_1_64' title='bbox 382 2357 463 2429; x_wconf 78' lang='lat' dir='ltr'>Quid</span> <span class='ocrx_word' id='word_1_65' title='bbox 485 2360 623 2417; x_wconf 73' lang='lat' dir='ltr'>caruaret</span> <span class='ocrx_word' id='word_1_66' title='bbox 651 2359 748 2417; x_wconf 83' lang='lat' dir='ltr'><strong>forsan</strong></span> <span class='ocrx_word' id='word_1_67' title='bbox 768 2359 824 2418; x_wconf 81' lang='lat' dir='ltr'>hoc</span> <span class='ocrx_word' id='word_1_68' title='bbox 844 2361 937 2419; x_wconf 73' lang='lat' dir='ltr'>dieaa:</span> 
     </span>
     <span class='ocr_line' id='line_1_18' title="bbox 187 2456 788 2533; baseline 0 -18"><span class='ocrx_word' id='word_1_69' title='bbox 187 2457 305 2533; x_wconf 85' lang='lat' dir='ltr'>‘Hujus</span> <span class='ocrx_word' id='word_1_70' title='bbox 324 2457 419 2515; x_wconf 80' lang='lat' dir='ltr'>colore</span> <span class='ocrx_word' id='word_1_71' title='bbox 439 2456 555 2514; x_wconf 89' lang='lat' dir='ltr'>imbuta</span> <span class='ocrx_word' id='word_1_72' title='bbox 574 2457 684 2514; x_wconf 82' lang='lat' dir='ltr'>veritas</span> <span class='ocrx_word' id='word_1_73' title='bbox 704 2457 788 2515; x_wconf 88' lang='lat' dir='ltr'>nullo</span> 
     </span>
    </p>

    <p class='ocr_par' dir='ltr' id='par_1_16' title="bbox 184 2554 796 2632">
     <span class='ocr_line' id='line_1_19' title="bbox 184 2554 796 2632; baseline 0.002 -21"><span class='ocrx_word' id='word_1_74' title='bbox 184 2555 262 2632; x_wconf 82' lang='lat' dir='ltr'>Eget</span> <span class='ocrx_word' id='word_1_75' title='bbox 281 2555 391 2626; x_wconf 82' lang='lat' dir='ltr'>eolore3</span> <span class='ocrx_word' id='word_1_76' title='bbox 413 2554 550 2631; x_wconf 78' lang='lat' dir='ltr'>penicillo</span> <span class='ocrx_word' id='word_1_77' title='bbox 570 2573 643 2631; x_wconf 87' lang='lat' dir='ltr'>opus</span> <span class='ocrx_word' id='word_1_78' title='bbox 662 2574 724 2612; x_wconf 89' lang='lat' dir='ltr'>non</span> <span class='ocrx_word' id='word_1_79' title='bbox 744 2560 796 2627; x_wconf 76' lang='lat' dir='ltr'>eat,</span> 
     </span>
    </p>

    <p class='ocr_par' dir='ltr' id='par_1_17' title="bbox 184 2651 857 2729">
     <span class='ocr_line' id='line_1_20' title="bbox 184 2651 857 2729; baseline 0.001 -19"><span class='ocrx_word' id='word_1_80' title='bbox 184 2651 299 2712; x_wconf 89' lang='lat' dir='ltr'>Veram</span> <span class='ocrx_word' id='word_1_81' title='bbox 318 2659 458 2711; x_wconf 76' lang='lat' dir='ltr'>venustae</span> <span class='ocrx_word' id='word_1_82' title='bbox 478 2672 537 2729; x_wconf 88' lang='lat' dir='ltr'>quo</span> <span class='ocrx_word' id='word_1_83' title='bbox 558 2652 635 2711; x_wconf 89' lang='lat' dir='ltr'>linat</span> <span class='ocrx_word' id='word_1_84' title='bbox 653 2659 857 2712; x_wconf 74' lang='lat' dir='ltr'>venustatem:</span> 
     </span>
    </p>

    <p class='ocr_par' dir='ltr' id='par_1_18' title="bbox 184 2748 956 2925">
     <span class='ocr_line' id='line_1_21' title="bbox 186 2748 956 2828; baseline 0.004 -21"><span class='ocrx_word' id='word_1_85' title='bbox 186 2748 273 2820; x_wconf 76' lang='lat' dir='ltr'>Quod</span> <span class='ocrx_word' id='word_1_86' title='bbox 291 2749 460 2808; x_wconf 86' lang='lat' dir='ltr'>absolutum</span> <span class='ocrx_word' id='word_1_87' title='bbox 481 2755 534 2819; x_wconf 85' lang='lat' dir='ltr'>est,</span> <span class='ocrx_word' id='word_1_88' title='bbox 555 2769 616 2806; x_wconf 89' lang='lat' dir='ltr'>non</span> <span class='ocrx_word' id='word_1_89' title='bbox 635 2749 802 2808; x_wconf 73' lang='lat' dir='ltr'>adulterare</span> <span class='ocrx_word' id='word_1_90' title='bbox 822 2751 956 2828; x_wconf 77' lang='lat' dir='ltr'>aequum&#39;</span> 
     </span>
     <span class='ocr_line' id='line_1_22' title="bbox 184 2846 904 2925; baseline 0.001 -20"><span class='ocrx_word' id='word_1_91' title='bbox 184 2846 283 2925; x_wconf 86' lang='lat' dir='ltr'>Major</span> <span class='ocrx_word' id='word_1_92' title='bbox 302 2847 373 2924; x_wconf 86' lang='lat' dir='ltr'>quia</span> <span class='ocrx_word' id='word_1_93' title='bbox 392 2846 441 2904; x_wconf 82' lang='lat' dir='ltr'>hie</span> <span class='ocrx_word' id='word_1_94' title='bbox 461 2847 501 2906; x_wconf 82' lang='lat' dir='ltr'>sit</span> <span class='ocrx_word' id='word_1_95' title='bbox 520 2847 615 2918; x_wconf 90' lang='lat' dir='ltr'>laude,</span> <span class='ocrx_word' id='word_1_96' title='bbox 637 2855 722 2906; x_wconf 88' lang='lat' dir='ltr'>muta</span> <span class='ocrx_word' id='word_1_97' title='bbox 741 2849 904 2906; x_wconf 75' lang='lat' dir='ltr'>mussabiet</span> 
     </span>
    </p>

    <p class='ocr_par' dir='ltr' id='par_1_19' title="bbox 183 2945 1039 3220">
     <span class='ocr_line' id='line_1_23' title="bbox 184 2945 1039 3024; baseline 0.006 -20"><span class='ocrx_word' id='word_1_98' title='bbox 184 2945 233 3005; x_wconf 84' lang='lat' dir='ltr'>Ne</span> <span class='ocrx_word' id='word_1_99' title='bbox 254 2952 288 3004; x_wconf 84' lang='lat' dir='ltr'>tu</span> <span class='ocrx_word' id='word_1_100' title='bbox 307 2945 370 3004; x_wconf 85' lang='lat' dir='ltr'>heee</span> <span class='ocrx_word' id='word_1_101' title='bbox 389 2951 489 3004; x_wconf 74' lang='lat' dir='ltr'>tacens</span> <span class='ocrx_word' id='word_1_102' title='bbox 509 2965 636 3018; x_wconf 75' lang='lat' dir='ltr'>causare,</span> <span class='ocrx_word' id='word_1_103' title='bbox 658 2967 748 3023; x_wconf 89' lang='lat' dir='ltr'>quam</span> <span class='ocrx_word' id='word_1_104' title='bbox 767 2967 856 3024; x_wconf 82' lang='lat' dir='ltr'>penes</span> <span class='ocrx_word' id='word_1_105' title='bbox 876 2950 967 3007; x_wconf 87' lang='lat' dir='ltr'>solam</span> <span class='ocrx_word' id='word_1_106' title='bbox 987 2957 1039 3023; x_wconf 85' lang='lat' dir='ltr'>est,</span> 
     </span>
     <span class='ocr_line' id='line_1_24' title="bbox 183 3042 821 3122; baseline 0 -20"><span class='ocrx_word' id='word_1_107' title='bbox 183 3042 216 3102; x_wconf 78' lang='lat' dir='ltr'>si</span> <span class='ocrx_word' id='word_1_108' title='bbox 236 3044 337 3102; x_wconf 82' lang='lat' dir='ltr'>vineat</span> <span class='ocrx_word' id='word_1_109' title='bbox 355 3063 445 3102; x_wconf 88' lang='lat' dir='ltr'>aurea</span> <span class='ocrx_word' id='word_1_110' title='bbox 465 3043 513 3102; x_wconf 85' lang='lat' dir='ltr'>hie</span> <span class='ocrx_word' id='word_1_111' title='bbox 534 3044 666 3122; x_wconf 80' lang='lat' dir='ltr'>sepulcra</span> <span class='ocrx_word' id='word_1_112' title='bbox 686 3044 821 3118; x_wconf 86' lang='lat' dir='ltr'>vivendo,</span> 
     </span>
     <span class='ocr_line' id='line_1_25' title="bbox 183 3141 858 3220; baseline 0.006 -21"><span class='ocrx_word' id='word_1_113' title='bbox 183 3141 348 3219; x_wconf 76' lang='lat' dir='ltr'>Victorque</span> <span class='ocrx_word' id='word_1_114' title='bbox 367 3142 500 3200; x_wconf 90' lang='lat' dir='ltr'>nondum</span> <span class='ocrx_word' id='word_1_115' title='bbox 520 3148 592 3200; x_wconf 88' lang='lat' dir='ltr'>nata</span> <span class='ocrx_word' id='word_1_116' title='bbox 611 3143 746 3220; x_wconf 85' lang='lat' dir='ltr'>pervolet</span> <span class='ocrx_word' id='word_1_117' title='bbox 767 3144 858 3203; x_wconf 80' lang='lat' dir='ltr'>saecla</span> 
     </span>
    </p>

    <p class='ocr_par' dir='ltr' id='par_1_20' title="bbox 184 3238 877 3318">
     <span class='ocr_line' id='line_1_26' title="bbox 184 3238 877 3318; baseline 0.004 -21"><span class='ocrx_word' id='word_1_118' title='bbox 184 3238 284 3309; x_wconf 79' lang='lat' dir='ltr'>Quare</span> <span class='ocrx_word' id='word_1_119' title='bbox 303 3239 359 3297; x_wconf 88' lang='lat' dir='ltr'>hoe</span> <span class='ocrx_word' id='word_1_120' title='bbox 378 3258 454 3316; x_wconf 78' lang='lat' dir='ltr'>agas,</span> <span class='ocrx_word' id='word_1_121' title='bbox 477 3240 504 3298; x_wconf 93' lang='lat' dir='ltr'>O</span> <span class='ocrx_word' id='word_1_122' title='bbox 525 3240 633 3298; x_wconf 85' lang='lat' dir='ltr'>Musa:</span> <span class='ocrx_word' id='word_1_123' title='bbox 662 3242 785 3318; x_wconf 81' lang='lat' dir='ltr'>posteris</span> <span class='ocrx_word' id='word_1_124' title='bbox 806 3243 877 3300; x_wconf 82' lang='lat' dir='ltr'>seris</span> 
     </span>
    </p>

    <p class='ocr_par' dir='ltr' id='par_1_21' title="bbox 182 3335 1001 3412">
     <span class='ocr_line' id='line_1_27' title="bbox 182 3335 1001 3412; baseline 0.006 -18"><span class='ocrx_word' id='word_1_125' title='bbox 182 3335 275 3395; x_wconf 80' lang='lat' dir='ltr'>Hune</span> <span class='ocrx_word' id='word_1_126' title='bbox 295 3336 392 3412; x_wconf 84' lang='lat' dir='ltr'>qualia</span> <span class='ocrx_word' id='word_1_127' title='bbox 412 3335 499 3394; x_wconf 89' lang='lat' dir='ltr'>hodie</span> <span class='ocrx_word' id='word_1_128' title='bbox 520 3343 573 3411; x_wconf 82' lang='lat' dir='ltr'>est,</span> <span class='ocrx_word' id='word_1_129' title='bbox 596 3356 643 3395; x_wconf 90' lang='lat' dir='ltr'>me</span> <span class='ocrx_word' id='word_1_130' title='bbox 664 3337 794 3411; x_wconf 85' lang='lat' dir='ltr'>docente,</span> <span class='ocrx_word' id='word_1_131' title='bbox 817 3341 1001 3400; x_wconf 81' lang='lat' dir='ltr'>monstrabia</span> 
     </span>
    </p>
   </div>
   <div class='ocr_carea' id='block_1_8' title="bbox 827 3469 988 3512">
    <p class='ocr_par' dir='ltr' id='par_1_22' title="bbox 827 3469 988 3512">
     <span class='ocr_line' id='line_1_28' title="bbox 827 3469 988 3512; baseline 0.012 -2"><span class='ocrx_word' id='word_1_132' title='bbox 827 3471 858 3511; x_wconf 87' lang='lat' dir='ltr'>H.</span> <span class='ocrx_word' id='word_1_133' title='bbox 874 3469 902 3512; x_wconf 76' lang='lat' dir='ltr'>A.</span> <span class='ocrx_word' id='word_1_134' title='bbox 919 3471 941 3511; x_wconf 87' lang='lat' dir='ltr'>J.</span> <span class='ocrx_word' id='word_1_135' title='bbox 958 3471 988 3512; x_wconf 82' lang='grc' dir='ltr'>Μ.</span> 
     </span>
    </p>
   </div>
   <div class='ocr_carea' id='block_1_9' title="bbox 0 0 1316 4074">
    <p class='ocr_par' dir='ltr' id='par_1_23' title="bbox 0 0 1316 4074">
     <span class='ocr_line' id='line_1_29' title="bbox 0 0 1316 4074; baseline 0 5"><span class='ocrx_word' id='word_1_136' title='bbox 0 0 1316 4074; x_wconf 95' lang='lat' dir='ltr'> </span> 
     </span>
    </p>
   </div>
  </div>
 </body>
</html>
