2624 4074
231 327 252 381 ii
613 327 795 383 LECTORI
812 327 844 384 S.

230 581 277 640 vis
289 581 323 640 in
335 581 558 658 interpretando
571 581 737 658 postuletur
746 601 757 656 ;
784 576 844 659 quo
860 581 928 658 plus
946 581 1085 660 exigatur
1101 580 1183 641 calli·

231 685 335 746 ditatis
352 685 386 743 in
404 685 546 744 electione
563 705 597 743 ac
615 686 833 744 oonstnrctione
850 686 1008 744 verborum
1016 705 1027 760 3
1053 707 1113 765 quo
1131 707 1182 746 ex·

232 791 370 868 quisitior
392 795 493 866 pateat
516 789 657 848 doctrines
681 791 865 848 concinnitas
884 791 918 848 in
937 793 1181 853 accommodando

231 896 340 974 lingue
353 896 490 954 obsoletae
504 915 565 954 non
577 915 632 954 sua
646 893 785 973 ἰδιώματα.

291 1005 364 1063 Jam
389 1025 460 1064 vero
486 1005 606 1064 veniam
632 1005 716 1063 dabit
743 1004 853 1064 Censor
877 1004 1005 1079 criticus,
1026 1005 1053 1065 si
1076 1007 1180 1067 seriem
1245 1025 1247 1028 ’

231 1114 322 1186 atque
343 1110 517 1187 juncturam
543 1109 639 1187 operis
662 1109 803 1168 levissimi
826 1109 952 1169 facetam
974 1110 1067 1189 magis
1090 1131 1181 1189 quam

231 1213 403 1289 legitimam,
431 1232 565 1270 meorum
591 1213 710 1286 arbiter,
735 1213 810 1272 mihi
835 1233 1020 1292 proposuero.
1064 1214 1180 1296 Quippe
1271 1275 1276 1283 .

231 1321 401 1379 meminerit
413 1320 501 1394 idem,
515 1321 542 1381 si

393 1460 519 1511 Illooebn‘s
534 1461 600 1511 foret
614 1424 642 1512 et
656 1465 730 1526 grata
744 1460 857 1512 novitate
871 1460 1006 1512 morandis

392 1549 529 1613 Spectator,

230 1665 331 1717 tamen
344 1678 405 1718 non
418 1680 466 1719 me
479 1661 605 1719 oblitum
618 1660 709 1720 fuisse

391 1782 428 1832 ita
444 1787 541 1833 vertere
555 1783 620 1832 seria
633 1782 701 1846 ludo,

230 1897 266 1949 ut
279 1892 312 1949 in
325 1891 450 1950 alteram
462 1896 577 1968 partem
589 1889 684 1948 libelli
697 1887 796 1947 omnia
809 1907 891 1948 sacra
903 1907 957 1967 per
969 1909 1000 1948 se
1009 1895 1180 1949 reverenter

231 2003 328 2056 essent
341 1998 467 2074 seposita
480 2003 570 2074 atque
583 1997 749 2056 distributa

292 2103 406 2162 Utrum
419 2103 544 2162 feliciter
558 2123 650 2162 necne
663 2103 761 2162 conati
773 2102 865 2161 simus
874 2101 1085 2160 monachorum
1095 2101 1179 2178 hym-

221 2188 284 2267 ¹nos
296 2209 478 2286 rhythmicos
485 2210 606 2284 imitari,
616 2209 753 2288 judicent
766 2209 833 2268 alii:
854 2227 948 2267 unum
960 2208 992 2267 id
1005 2209 1038 2265 in
1051 2207 1179 2266 hocloco

225 2314 295 2391 jure
307 2314 517 2388 lamentamur„
528 2315 607 2393 quod
622 2315 681 2374 ista
696 2314 992 2392 speciesoarminum,
1007 2318 1071 2371 tam
1088 2317 1178 2381 casta,

229 2425 292 2476 tam
305 2419 414 2496 pulcra,
430 2425 493 2479 tam
506 2421 594 2497 plena
607 2420 826 2479 exercitationis
839 2420 960 2492 idoneae,
974 2438 1042 2478 cum
1054 2419 1087 2476 in
1100 2418 1179 2477 ludis

229 2525 362 2602 publicis,
384 2531 450 2584 tum
473 2526 552 2604 apud
572 2525 768 2585 Academicos
787 2532 910 2599 nostros,
932 2525 1051 2602 penitus
1071 2523 1179 2582 omissa

229 2651 290 2689 esse
316 2631 460 2692 videatur.
507 2632 582 2703 Quis
609 2639 710 2691 autem
736 2633 854 2710 ignorat
879 2650 970 2708 quam
997 2630 1113 2707 egregia
1138 2630 1179 2687 sit

228 2737 315 2795 hodie
339 2738 378 2796 ad
400 2738 549 2796 versiones
572 2757 668 2796 sacras
691 2737 903 2815 opportunitas,
925 2756 978 2795 seu
1004 2735 1071 2814 quis
1096 2735 1178 2793 illius

230 2842 332 2919 ‘Lyra
345 2840 539 2919 Apostolicae'
558 2842 609 2901 fila
626 2842 760 2915 solicitet,
776 2841 837 2900 sive
854 2840 932 2900 circa
949 2840 1077 2898 daedalos
1092 2839 1178 2898 flores

230 2948 326 3005 ‘Anni
340 2946 516 3007 Christiani'
531 2949 696 3008 fundantur
709 2954 863 3026 poetarum
877 2947 1033 3006 examinat

288 3056 395 3133 Neque
421 3057 492 3114 huic
518 3057 660 3133 prooemio
686 3062 758 3115 ante
784 3055 877 3114 aulaea
902 3055 1057 3128 tollantur,
1087 3075 1176 3133 quam

226 3158 414 3235 adjutoribus
426 3158 507 3231 meis,
523 3178 650 3236 quorum
663 3159 721 3217 erit
734 3159 829 3217 omnis
842 3158 915 3232 laus,
929 3159 955 3216 si
968 3157 1041 3235 quid
1056 3161 1176 3218 suavius

225 3270 279 3322 aut
302 3264 465 3341 elegantius
488 3265 522 3322 in
548 3264 734 3342 Anthologia
759 3270 861 3323 nostra
887 3264 1006 3337 eniteat,
1031 3265 1176 3323 maximas

224 3370 335 3446 gratias
370 3371 542 3447 persolvam.
600 3371 698 3448 Inque
726 3371 763 3429 iis
790 3370 954 3448 praesertim
981 3366 1172 3432 α’κολακεύτως

224 3495 348 3553 agnosco
374 3477 446 3554 quid
474 3496 527 3553 ego
554 3476 676 3536 debeam
702 3476 858 3534 Francisco
878 3475 1031 3554 Hodgson,
1053 3476 1177 3554 Collegit
