2624 4074
399 311 643 369 ARUNDINES
661 313 769 371 OAMI.

278 579 353 637 Mox
373 580 502 639 ostendis
521 580 626 640 lumen.
643 601 760 659 purum,

278 676 401 750 Mirans,
423 678 542 751 micans,
563 698 616 757 per
636 681 798 740 obscurum

277 774 352 848 Tibi,
374 782 466 834 noctu
486 777 539 853 qui
559 783 691 854 vagatur,

280 858 327 931 Ob
347 874 540 932 scintillulam
559 881 695 952 gratatur
705 896 714 948 3

279 971 322 1028 Ni
342 971 465 1029 minares
484 978 527 1045 tu,
549 991 610 1029 non
629 973 718 1030 sciret

279 1068 361 1139 Quas
379 1088 433 1145 per
452 1069 516 1126 vias
536 1088 636 1126 errans
655 1069 720 1127 iret

280 1165 385 1223 Meum
404 1185 479 1242 saepe
492 1165 665 1239 ¹thalamum
684 1166 750 1225 luce

156 1331 162 1344 ι
279 1261 444 1339 speculans
465 1263 578 1321 curiosa
586 1284 597 1337 3

278 1359 386 1436 Neque
406 1361 545 1437 carpserit
565 1381 705 1438 soporem,

278 1459 380 1518 Donec
400 1460 484 1518 venit
504 1457 554 1518 Sol
574 1479 627 1536 per
646 1479 756 1518 auram.

909 1560 939 1600 Η.
956 1560 983 1601 n.

252 1756 342 1824 wirte
361 1775 420 1820 uto
439 1757 559 1837 tremata
579 1757 711 1824 furantis
731 1771 814 1838 potue
833 1775 930 1821 turm.

158 1897 330 1959 PnYnmms
350 1899 497 1976 effugiunt
517 1918 570 1957 nos
590 1899 723 1957 lumina:
745 1899 843 1957 dulcia
862 1906 972 1959 sunto:

126 2002 131 2011 '
197 1995 327 2054 Pulchra
345 1996 422 2070 licet,
444 1997 528 2054 nobis
548 1996 629 2054 haud
649 2016 684 2054 ea
703 1997 827 2074 pulchra
846 1998 964 2058 micant.

156 2092 271 2152 Nectar
290 2100 354 2152 erat
373 2093 466 2166 labiis,
489 2094 561 2151 dum
581 2113 645 2170 spes
665 2100 729 2151 erat
749 2095 807 2153 ista
825 2094 946 2153 bibendi
956 2117 964 2170 3

198 2189 270 2267 Spes
288 2190 366 2268 perit
375 2210 385 2263 3
406 2190 490 2267 isque
511 2191 607 2264 simul,
628 2191 682 2267 qui
702 2191 761 2248 fuit
781 2198 858 2264 ante,
880 2193 972 2252 decor,

157 2287 249 2351 Votis
268 2307 316 2349 me
336 2287 460 2347 Galatea
478 2287 573 2365 petit:
594 2294 674 2346 earet
693 2295 757 2346 arte
777 2290 877 2366 puella
886 2311 895 2363 3

197 2384 315 2463 Parque
335 2387 408 2445 rosis
428 2392 530 2445 tenero
549 2393 654 2444 vernat
673 2387 707 2445 in
727 2406 777 2446 ore
798 2388 877 2447 color
887 2410 896 2462 3

157 2482 216 2543 Sed
235 2484 312 2543 nihil
330 2485 389 2544 ista
403 2485 514 2562 juvant
523 2505 533 2558 3
554 2485 653 2543 forsan
672 2492 773 2544 tamen
793 2487 850 2545 ista
865 2487 1023 2565 juvabunt,

197 2580 275 2640 cum
294 2582 426 2655 rubeant,
447 2582 527 2640 vieta
546 2582 719 2655 rusticitate,
740 2602 829 2660 genre.
1146 2569 1149 2573 ⁴

156 2677 239 2737 Pura
257 2698 362 2737 manus
381 2679 536 2756 mollisque
555 2679 642 2737 fluit:
663 2699 759 2756 neque
779 2681 895 2740 credere
915 2703 1053 2758 possum:

196 2775 244 2835 Ut
263 2775 303 2834 sit
321 2795 393 2835 vera
411 2776 490 2850 fidet,
512 2777 570 2834 ista
589 2777 747 2855 premenda
766 2777 841 2834 mihi
860 2785 926 2836 est:

156 2872 229 2932 Non
247 2874 321 2931 bene
341 2873 435 2932 credit
455 2894 537 2932 amor
546 2890 556 2948 3
576 2894 647 2932 nam
666 2894 712 2933 res
732 2881 777 2933 est
796 2868 890 2953 plena‘
903 2877 1017 2936 timoris
1027 2899 1036 2951 3

197 2970 321 3031 Conscia
339 2972 373 3029 ni
392 2971 528 3029 dextram
548 2972 670 3030 dextera
689 2992 789 3049 pressa
807 2952 929 3051 premit'

156 3067 240 3141 Erue,
262 3074 383 3129 movent
403 3075 506 3146 pectus
526 3069 668 3145 suspiria!
691 3070 763 3145 quid
783 3090 881 3128 moror
901 3073 971 3132 urit

197 3163 278 3235 Quid
296 3185 394 3227 moror
414 3166 535 3224 occultis
554 3166 710 3244 invigilare
730 3168 830 3227 notis?

156 3261 190 3322 Si
209 3264 303 3322 nostri
321 3264 409 3322 modo
429 3283 500 3323 cura
519 3283 639 3336 memor,
661 3265 813 3342 nostrique
833 3267 944 3339 caloris,

197 3360 312 3440 Tangat
332 3380 405 3434 eam,
426 3361 521 3420 fuere
540 3361 572 3423 id
592 3342 653 3420 nori
672 3362 768 3440 pudor
786 3362 867 3422 ullus
885 3366 950 3422 erit

793 3520 796 3525 .
909 3478 940 3521 Η.
956 3480 982 3521 L.
1096 3490 1099 3523 ι
