2624 4074
377 334 621 391 ARUNDINES
643 334 752 392 OAMI.
1008 340 1042 392 53

506 782 635 848 0111111.
733 869 737 873 1

179 973 238 1032 Est
258 972 314 1031 Ida
333 973 366 1029 in
386 972 483 1030 media
503 971 597 1045 vallis,
619 978 693 1048 quot
712 970 800 1029 Ionia
818 969 910 1028 valles

178 1071 270 1128 Alma
289 1070 377 1143 fovet,
398 1070 493 1128 forma
512 1089 658 1147 superans.
702 1069 750 1126 Ibi
770 1068 893 1126 saltibus
912 1065 1031 1138 herent,

179 1168 218 1227 Et
237 1167 313 1226 lenti
331 1167 452 1225 flmtant
470 1167 549 1225 inter
568 1167 670 1244 pineta
689 1186 817 1243 vapores.

178 1265 224 1324 At
244 1264 379 1342 gravidos
400 1265 502 1322 multis
522 1265 662 1322 decorant
680 1264 840 1341 pendentia
859 1268 944 1340 prata

178 1363 313 1421 Floribus
332 1363 402 1420 hino
421 1362 504 1421 fflinc
524 1368 656 1421 montes:
683 1362 822 1438 rivusque
841 1361 977 1418 reductas

178 1460 287 1520 Desilit
306 1461 339 1517 in
359 1480 453 1538 rupes,
475 1461 634 1536 reboatque
654 1459 831 1517 anfractibus
851 1457 926 1531 imis,
963 1498 966 1503 ·

178 1558 289 1617 Oceani
307 1558 470 1635 longinqua
489 1563 598 1634 petens.
642 1557 703 1614 Hie
724 1556 871 1633 Gargarus
890 1556 993 1632 ingens

178 1653 315 1732 Praeripit
334 1653 504 1713 Auroram:
533 1654 584 1711 sed
603 1654 640 1710 ab
659 1653 712 1710 illa
730 1658 821 1731 parte,
842 1653 966 1711 revuisis

177 1750 330 1825 Faucibus,
353 1757 474 1828 apparet
494 1751 577 1808 celsis
597 1751 724 1827 speciosa
744 1751 887 1809 columnis

178 1849 275 1924 Troas,
297 1856 328 1908 et
348 1849 454 1922 Hiaeae,
476 1848 564 1907 decus
584 1848 642 1906 illae
663 1847 791 1922 Troadis,
813 1868 900 1907 aroee.

218 2256 290 2316 Huo
310 2257 391 2332 adiit,
414 2257 516 2335 rapido
536 2256 627 2314 medii
647 2258 701 2315 sub
721 2257 781 2315 sole
801 2257 868 2330 diei,

179 2356 316 2434 Solivaga
337 2357 460 2429 OEnone,
484 2355 622 2412 Paridem
642 2355 746 2412 flatura
767 2355 900 2413 sodalem

178 2455 224 2513 At
243 2460 345 2513 tenera
364 2454 397 2511 in
417 2453 528 2511 cervice
549 2471 637 2509 oomae
652 2453 771 2528 jacuero
790 2452 911 2512 solutae:

178 2551 243 2610 Neo
263 2570 351 2609 roseae
371 2551 479 2609 fulsere
499 2569 587 2626 genae.
631 2549 693 2607 Sub
712 2570 785 2626 rupe
805 2551 922 2608 reclinis

177 2649 301 2707 Vitibus
319 2649 435 2708 intexta
455 2648 542 2725 longo
561 2648 722 2725 tranquilla
741 2647 872 2705 locorum

116 2791 124 2799 .
178 2747 315 2806 Carmine
336 2747 490 2819 mulcebat,
513 2746 604 2803 donee
625 2746 749 2804 demissa
769 2747 918 2805 sedentem

178 2844 302 2904 Velavit
321 2845 443 2902 summis
462 2843 607 2921 paulatim
628 2864 646 2901 a
665 2845 815 2902 montibus
834 2846 946 2903 umbra

219 3079 297 3140 “Me
333 3080 470 3139 miseram
507 3080 615 3139 exaudi
652 3082 815 3140 scatebroso
851 3101 870 3138 a
906 3081 1040 3155 eulmine,

256 3182 369 3240 mater!

178 3277 234 3337 Ida
251 3297 356 3351 meam,
377 3277 520 3355 genetrix,
542 3297 620 3336 mors
639 3276 767 3350 advenit,
789 3277 887 3355 aooipe
906 3297 1014 3337 vocem
1068 3340 1070 3350 ,

179 3375 252 3434 Jam
272 3375 359 3434 eolles
379 3375 486 3434 siluere
496 3395 506 3448 ;
527 3374 615 3433 silent
634 3393 687 3451 per
706 3381 791 3452 prata
810 3375 929 3433 locustae
939 3396 948 3448 3

176 3450 290 3535 11111111
308 3475 419 3535 lacerta
434 3474 535 3552 ι1111111
554 3474 587 3531 in
606 3479 710 3531 saxum
729 3473 847 3550 projicit
865 3472 1007 3547 umbram,
