2624 4074
394 337 638 394 ARUNDINES
658 337 768 395 OAMI.
1027 342 1062 393 63

241 703 259 734 “
267 699 323 759 ida
335 719 441 773 meum,
454 700 599 778 genetrix,
611 720 689 758 mors
703 700 833 774 advenit,
841 699 940 777 uouipe
952 719 1061 761 vocem.

199 813 318 873 Desiit:
341 820 371 872 et
391 814 536 888 Paridem,
558 816 700 892 promisee
720 835 842 876 munere
861 816 972 887 laetum,

198 927 273 989 Vidi
293 947 346 1007 ego
366 929 537 988 tendentem
557 949 625 988 eum
646 936 746 1007 optato
766 931 888 990 brachiu
906 948 1013 1007 pomo:

199 1041 258 1102 Sed
278 1042 384 1116 Peliae,
406 1044 501 1104 nudos
520 1052 632 1104 semote
652 1045 704 1104 ubi
724 1047 860 1105 eonstitit
879 1054 963 1106 artus

200 1155 359 1234 Effulgens,
381 1156 575 1234 humerosque
594 1158 680 1216 haste
698 1159 823 1236 trajectu
842 1160 980 1233 nitentes,

200 1272 282 1332 Dum
303 1292 390 1350 super
409 1273 442 1330 in
461 1273 622 1350 niveosque
641 1273 724 1331 sinus
743 1274 876 1350 iramque
895 1293 1038 1352 generum

201 1388 350 1448 Excubiae
370 1393 490 1466 egerent
509 1389 632 1449 immoto
652 1387 766 1447 luminu
785 1389 881 1462 vultu,

202 1502 261 1562 ‘Te
274 1503 382 1562 eolito:
401 1509 432 1561 te
445 1522 531 1562 nosue
549 1503 646 1580 ipsum
658 1501 674 1560 τ’
697 1502 751 1582 (eie
768 1509 847 1565 casu
863 1504 1006 1584 Denrum)

203 1615 261 1676 ‘Te
280 1616 393 1693 regite:
414 1616 469 1675 hue
488 1617 551 1674 itur
570 1617 678 1674 summi
698 1617 735 1676 ud
755 1617 871 1696 fastigia
889 1619 979 1696 regni

202 1732 267 1792 Nee
286 1738 387 1791 tumen
400 1731 480 1791 hune
500 1732 591 1790 libeat
610 1733 748 1792 sectando
768 1753 898 1811 quaerere
917 1735 1025 1792 finem:

202 1849 314 1927 Sponte
333 1847 438 1906 aderit.
479 1845 602 1924 Sapiens
621 1867 707 1920 unus,
729 1848 777 1906 eui
796 1867 904 1926 ponere
923 1856 1034 1909 rectam

202 1963 335 2023 Vivendi
355 1963 471 2021 steterit
490 1981 632 2035 nonnum,
654 1963 706 2039 qui
727 1962 832 2022 ducere
852 1963 933 2025 norit

202 2076 335 2137 Venturi
354 2076 539 2152 impavidum
558 2095 677 2134 uecumre
696 2075 837 2153 temporie
856 2077 969 2135 aevum’

245 2403 264 2434 “
272 2399 330 2457 Idu
342 2417 446 2471 meum,
460 2397 604 2475 genetrix,
617 2415 696 2454 more
708 2394 837 2467 advenit,
849 2395 946 2471 accipe
959 2399 1071 2452 vocem.⁸

205 2510 340 2572 Deinde:
364 2510 445 2570 ‘Nee
464 2509 609 2569 illecebris
628 2509 739 2566 frustra
758 2508 911 2566 deflectere
930 2508 1014 2566 litem

186 2625 362 2717 Constitui.
404 2623 475 2684 Meu
493 2643 555 2683 non
575 2623 689 2701 udjeeto
709 2642 831 2681 munere
850 2622 944 2681 forma

206 2741 322 2800 Olarior
340 2740 459 2799 enitent
502 2737 589 2811 Quod
608 2757 674 2796 sum
693 2736 896 2814 pulcherrima,
918 2755 971 2815 per
989 2757 1037 2797 me

205 2854 277 2933 Ipse
295 2854 394 2933 probe.

447 2950 506 3008 Sed
526 2956 557 3008 et
578 2948 634 3007 oh!
655 2949 680 3007 si
700 2949 897 3025 contemplata
917 2947 1048 3007 Deurum

206 3067 359 3126 Nudatum
379 3065 512 3143 speeiem,
534 3063 636 3123 vineat
655 3061 792 3121 mortalia
811 3061 948 3140 iniquum

207 3181 336 3241 Lumine
351 3178 566 3257 judicium-ei
584 3177 629 3236 fue
648 3181 695 3235 est
714 3176 817 3237 fellere
836 3178 960 3236 luero-

207 3295 261 3354 Me
279 3295 336 3353 tibi
355 3293 500 3371 polliceor.
542 3292 673 3369 Vegetoe
692 3291 750 3349 tibi
770 3291 858 3349 detur
876 3309 989 3350 umores

207 3407 323 3466 Abdita
342 3427 396 3486 per
414 3407 509 3466 cordis
528 3424 638 3484 rupere,
659 3405 842 3483 interiusque
861 3404 997 3464 medullis
