2624 4074
620 772 723 800 --·--

246 923 285 981 IN
304 925 398 982 altera
411 925 541 982 editione
561 944 656 1001 pauca
675 923 816 1001 quedam,
835 923 921 1000 quasi
941 922 1064 982 emerito
1077 942 1138 980 oar·

184 1030 272 1100 mine,
283 1030 348 1106 jem
367 1032 441 1089 rude
461 1031 590 1090 donavi:
612 1051 738 1108 quorum
758 1032 792 1089 in
811 1031 907 1089 looum
929 1031 1051 1088 suffecta
1070 1031 1136 1102 alia,
1237 1028 1240 1034 ’

183 1136 279 1192 multa
292 1121 419 1213 deniqne
433 1137 596 1210 emendata,
612 1138 746 1212 inveniet
760 1138 852 1196 leotor
865 1138 1004 1195 curiosus

244 1241 360 1299 Vereor
386 1262 424 1300 ne
451 1262 559 1320 porum
579 1250 682 1320 gratus
705 1244 795 1302 fuisse
819 1244 929 1316 videar,
956 1243 1008 1321 qui
1031 1242 1139 1301 Jacobi

184 1347 334 1423 Hildyerd
348 1354 379 1406 et
394 1347 490 1406 Oaroli
510 1349 655 1408 Merivole
671 1351 793 1408 nomina
810 1350 843 1407 in
862 1349 1138 1408 commemoratione

183 1453 358 1528 adjutorum
380 1460 450 1512 ante
474 1454 719 1531 praetermiserim
763 1453 823 1511 Pro
847 1460 975 1530 utroque
998 1455 1070 1512 satis
1095 1454 1137 1510 lo-

183 1563 317 1634 quuntur
330 1577 395 1634 quae
409 1560 619 1618 contulerunt:
640 1561 691 1618 sed
705 1560 781 1618 alter
794 1561 900 1617 horum
914 1560 1011 1618 denuo
1022 1561 1137 1637 copiosa

182 1665 309 1725 adduxit
323 1666 460 1734 subsidia,
475 1667 611 1743 stiloqne,
627 1672 663 1724 ut
676 1667 757 1739 solet,
773 1686 844 1724 usus
857 1672 903 1724 est
916 1667 1089 1726 felicissimo,

243 1770 315 1827 Non
339 1771 394 1828 toli
417 1778 484 1847 eget
506 1772 620 1829 auxilio
644 1771 795 1829 Francisoi
818 1770 1005 1848 Wrongham
1030 1773 1137 1830 flebilis

182 1878 341 1935 memoria:
363 1878 442 1954 quod
458 1877 483 1935 si
499 1878 588 1936 fidem
607 1879 670 1955 ejus
686 1897 720 1936 ao
737 1879 974 1937 benevolentiam
992 1879 1136 1937 bonorum

182 1986 315 2041 omnium
338 2005 497 2043 consensus
507 2005 517 2058 3
544 1985 571 2042 si
597 2004 690 2061 genus
717 1989 748 2042 et
770 1985 866 2042 vitam
889 2004 1019 2043 marmor
1042 1987 1136 2062 sepul·
1241 2040 1244 2046 .

181 2090 257 2146 orale
271 2089 449 2162 testabitur3
471 2089 579 2146 amoris
592 2094 694 2146 tamen
707 2093 739 2146 et
749 2089 849 2161 studii,
862 2108 920 2167 quo
932 2089 1035 2148 Musas
1046 2091 1136 2148 etiam

180 2193 213 2249 in
227 2200 379 2251 senectute
393 2194 563 2270 complexus
578 2199 629 2266 est,
643 2194 749 2270 exiguo
760 2194 800 2251 sit
810 2194 926 2270 pignori
936 2195 991 2254 hoo
1001 2202 1136 2254 nostrvm
1241 2272 1242 2275 Ἴ

181 2306 356 2380 opuseulum
369 2326 376 2364 :

278 2429 361 2476 Εἰσέτι
378 2429 426 2489 γὰρ
443 2427 517 2476 πνείει
533 2428 566 2476 τὰ
582 2429 616 2476 σὰ
632 2426 719 2488 χείλεα
735 2426 775 2475 καὶ
791 2426 820 2474 τὸ
837 2426 880 2475 σὸν
896 2425 987 2486 ἆσθμα·

274 2508 343 2570 Ἀχὼ
360 2507 382 2557 δ’
397 2509 442 2557 EN
458 2510 656 2558 ΔΟΝΔΚΕΣΣΙ
672 2509 729 2558 rear
746 2507 885 2573 ἐπιβόσκετ’
902 2510 989 2559 ἀοιδάς.

846 2589 951 2639 Mosen.
963 2589 1004 2638 Id.
1016 2587 1050 2651 γ’.
1063 2600 1101 2652 55.

180 2704 700 2783 mmmmfflmn

548 2931 775 2942 -—-—-——.—

240 3073 334 3132 Hnnc
358 3074 494 3151 quintam
518 3060 688 3131 editionem
702 3071 825 3149 politam
850 3076 940 3148 atque
960 3069 1131 3148 ampliorem

179 3178 247 3234 dedi
261 3179 340 3254 apud
354 3177 500 3234 Bremhill

244 3314 303 3364 Kal.
323 3314 382 3363 Jan.
402 3311 604 3362 Mncconx.
690 3345 695 3358 .
