2624 4074
401 340 646 397 ARUNDINE'S
666 341 774 398 OAMI.
1023 347 1059 397 45

149 714 247 774 noceo
266 715 350 773 veut
370 715 460 774 rasus
479 715 631 793 pommus
652 716 782 794 cyneus
801 701 896 791 ioue,

191 811 324 871 Lucebat
343 833 425 872 roseo
445 814 514 872 tulis
533 815 567 873 in
586 834 636 872 ore
656 815 765 875 Pudor.

150 909 311 987 Integritus
331 910 385 983 illi,
407 931 524 988 quoquo
544 912 669 988 vestigia
689 912 779 986 flexit,

190 1009 321 1068 Assidue
340 1010 477 1084 haerebat,
499 1010 736 1088 simplicitasque,
758 1031 860 1071 comes

150 1106 301 1167 Ardentes
321 1108 432 1166 frustra
446 1108 570 1185 juvenes
591 1109 623 1165 in
643 1110 766 1186 virginis
787 1130 839 1168 ore

190 1189 360 1264 Vertebant
379 1206 485 1277 oculos,
507 1207 614 1264 aemula
633 1208 728 1280 turbe,
749 1209 831 1284 proci
841 1228 850 1281 5

150 1301 262 1361 Nullus
284 1302 364 1360 enim
383 1304 489 1380 potuit,
511 1305 569 1362 nisi
590 1306 643 1383 qui
662 1305 737 1364 bene
757 1306 833 1364 fidus
853 1306 971 1364 emebat

192 1399 357 1472 Arminius
379 1401 516 1478 nymphae
536 1402 652 1461 flectere
672 1403 759 1461 corda
779 1421 845 1461 suae.

152 1701 210 1762 Ille
229 1703 334 1763 habuit
354 1724 460 1777 secum,
481 1705 590 1782 primos
610 1704 662 1782 qui
681 1704 782 1776 movit,
804 1723 923 1777 amores,

193 1801 263 1860 Sive
283 1803 344 1862 dies
363 1822 454 1861 verno
473 1809 605 1880 tempore
626 1804 718 1862 festus
738 1810 808 1876 erut,

154 1898 223 1959 Sive
243 1900 298 1958 sub
317 1900 452 1958 arboreas
471 1900 588 1959 frondes
608 1900 640 1957 iu
659 1905 745 1976 pratu
764 1899 901 1959 trahebat

193 1998 292 2057 Notus
312 1998 473 2057 Teutonico
493 1999 585 2056 saltus
605 1998 637 2055 iu
657 1998 725 2057 orbe
746 1999 840 2056 choro.

153 2096 299 2157 Fasciolus
319 2097 409 2175 capiti
429 2099 511 2156 vario
531 2103 616 2175 peret
635 2098 688 2155 ille
707 2097 810 2171 colore,

195 2195 360 2254 Auricoma
379 2197 495 2274 quoties
515 2215 607 2254 messe
627 2196 752 2254 rubebat
771 2216 841 2274 ager
850 2216 859 2269 3

154 2293 215 2352 Ille
234 2294 316 2353 sedet
331 2294 430 2372 juxte,
452 2293 524 2350 dum
543 2294 634 2351 fasces
654 2293 773 2370 stringit
784 2299 913 2364 emator,

195 2392 281 2451 Neve
300 2394 383 2450 labor
402 2393 529 2470 frangat,
550 2392 658 2451 risibus
678 2391 731 2449 illa
750 2386 840 2450 vetut.

155 2684 253 2760 Inque
272 2683 351 2741 vices
371 2688 507 2759 segetem,
527 2700 616 2759 quem
637 2685 775 2758 praesecat
796 2679 854 2751 ille,
876 2678 1010 2752 revincit,

197 2781 294 2860 Inque
313 2781 391 2840 vices
410 2780 515 2838 furtim
534 2780 654 2857 respicit
674 2799 725 2837 ore
743 2779 832 2856 proci,

155 2879 335 2957 Vespcrtine
354 2899 458 2956 perum
477 2898 620 2937 memores
640 2879 712 2936 dum
731 2878 839 2955 frigore
858 2881 990 2953 tangant,

197 2977 240 3036 Et
259 2996 358 3035 roseus
379 2975 483 3034 cselum
502 2980 634 3053 permeet
653 2994 738 3033 omne
759 2975 844 3032 color.

159 3073 263 3133 Oerius
283 3073 422 3132 Arminio
442 3073 519 3130 nihil
540 3079 584 3131 est
604 3093 693 3151 quam
713 3073 773 3131 fida
794 3071 930 3143 Rosslbe,

199 3172 288 3232 Hanc
307 3173 390 3232 videt
409 3173 441 3230 in
463 3172 580 3244 somnis,
603 3172 679 3230 hanc
699 3173 842 3230 redeunte
863 3170 929 3228 die:

159 3271 263 3344 Qualis
282 3271 315 3328 in
335 3269 475 3329 Arminio
495 3267 585 3328 fervit
601 3275 761 3347 teneraque
781 3267 918 3340 Roselba,

199 3367 323 3426 Pectore
341 3367 375 3424 in
395 3366 503 3445 Elysiis
523 3366 639 3424 sedibus
659 3366 722 3423 urit
741 3365 845 3423 Amor.

1090 3540 1093 3655 i

1038 3690 1262 3838 fl.
