2624 4074
386 312 630 368 ARUNDINES
651 312 760 368 OAMI.
1017 315 1051 370 27

494 573 662 653 itctcpbuqt

142 734 320 804 Qumurmu
340 733 454 810 magica
473 753 569 791 ramos
590 733 626 791 de
646 734 738 811 stirpe
757 734 897 805 ferebant,

142 831 279 889 Floribus
299 838 330 889 ct
349 831 449 889 fructu
469 832 612 908 gravidos,
634 836 665 889 et
684 831 782 889 dulcia
802 832 907 908 cuique

142 929 231 988 Dona
250 929 375 986 dabant:
397 947 524 1004 quorum
544 948 629 986 succo
649 929 738 986 semel
759 948 809 986 ore
828 934 952 1004 recepto,

36 1072 39 1078 ,
142 1026 218 1085 Visa
235 1026 338 1104 procul
358 1026 454 1103 longis
473 1027 621 1084 incassum
640 1027 820 1084 anfractibus
839 1027 921 1084 unda

142 1125 261 1202 Mugire
280 1125 467 1201 increpitans,
489 1131 520 1183 ct
540 1144 600 1182 non
621 1144 674 1182 sna
693 1124 782 1182 litora
800 1125 916 1202 plangi:

142 1222 183 1280 Et
202 1223 308 1296 tenuis,
331 1223 476 1280 sociorum
495 1223 602 1299 aliquis
623 1222 648 1280 si
667 1222 744 1279 forte
764 1223 887 1295 locutus

143 1321 272 1380 Stridere
292 1341 359 1394 vox,
382 1322 545 1380 Lemurum
564 1321 649 1379 velut
668 1321 816 1378 imbecilla
835 1321 968 1397 querela:

142 1421 192 1495 Et,
213 1422 283 1481 licet
302 1422 452 1495 insomnis,
475 1440 577 1479 somno
597 1421 660 1498 cogi
680 1421 770 1497 inque
790 1421 884 1497 pediri

145 1521 264 1580 Omnis:
285 1526 324 1594 et,
346 1521 456 1580 auditis
475 1520 603 1578 tremulo
623 1520 820 1578 modulamine
839 1519 928 1592 fibris,

143 1619 240 1680 Suave
259 1619 314 1677 sub
334 1624 439 1696 arguto
459 1617 601 1694 geminari
621 1623 738 1693 pectore
757 1636 898 1674 murmur.

143 1716 306 1778 Consedere
325 1734 426 1773 omnes
445 1713 483 1772 ad
503 1714 586 1771 flavae
606 1714 677 1771 litus
698 1733 799 1786 arenae,

142 1815 183 1874 In
201 1812 299 1872 medio
319 1810 396 1868 Solis
415 1810 511 1868 radios
530 1809 681 1886 Lunaeque
700 1816 818 1868 tuentes
823 1831 833 1884 ;

143 1916 184 1974 Et
203 1912 306 1992 patriae
325 1911 428 1984 dulcis,
450 1911 614 1987 sobolisque
633 1911 751 1987 irrepsit
771 1912 867 1989 imago

142 2012 303 2083 Mentibus,
326 2015 356 2067 et
376 2009 485 2066 veteris
504 2007 606 2084 procul
627 2008 823 2066 oblectamina
842 2009 918 2067 vitae.

142 2110 242 2169 Taedia
260 2127 331 2166 mox
351 2107 477 2184 pelagus,
499 2106 573 2163 remi
594 2125 710 2183 quoque
730 2107 818 2164 taedia
837 2107 894 2164 visi

144 2210 287 2287 Ingercre,
310 2212 341 2265 et
360 2224 470 2281 spumae
491 2203 600 2262 sterilis
620 2204 806 2281 longissimus
826 2212 914 2264 aestus
920 2227 929 2279 3

142 2307 247 2384 Atque
266 2304 374 2381 aliquis
393 2303 513 2361 tandem
536 2301 622 2360 ‘Non
642 2302 768 2379 amplius
788 2303 913 2377 ibimus'
935 2304 1050 2381 inquit:

144 2404 349 2479 Continuoque
370 2420 477 2473 omnes,
502 2397 616 2476 ‘Longe
636 2420 717 2458 mare
737 2401 886 2460 clauditur
905 2403 985 2460 ultra

146 2504 272 2577 ‘Insula
294 2507 396 2560 nostra
415 2501 534 2559 domus:
556 2519 616 2557 non
636 2500 762 2577 amplius
781 2501 907 2574 ibimus‚'
929 2522 1036 2561 omnes.
1087 2495 1088 2499 ἵ

896 2633 920 2676 O.
937 2635 966 2675 n.

449 2761 696 2771 ---.-

441 2922 531 2995 Setia
553 2929 586 2988 be
605 2925 714 2991 caca.

224 3071 348 3134 Aumrn
368 3078 484 3145 matres,
506 3072 642 3148 virgines,
664 3073 809 3150 puellulae,

264 3171 415 3248 Praecepta
434 3170 570 3229 Nestoris
590 3171 690 3247 probi:

225 3269 346 3347 Semper
364 3269 503 3341 manebit,
525 3270 605 3345 quod
623 3270 760 3328 tenebras
779 3270 886 3348 exigat,

265 3365 299 3424 Si
318 3385 414 3424 cereos
434 3364 615 3442 extinguitis.

895 3477 925 3518 Η.
942 3477 970 3519 1).
